@string{ um="Universidade do Minho" }
@string{ umdi="Universidade do Minho, Departamento de Informática" }

@inproceedings{graminteractivas1990,
  author={F. M\´ario Martins and J.J. Alm\'eida and P.R. Henriques},
  editor={cona},
  title = {Mecanismos para Especificação e Prototipagem de Interfaces
    Utilizador-Sistema},
  note = {(Gramáticas Interactivas guardadas)},
  booktitle={3$º$ Encontro Português de Computação Gráfica},
  address="Coimbra",
  year = 1990,
}

@techreport{tlc89,
 author="J.J. Almeida and J.B. Barros",
 title = {Teoria das Linguagens },
 institution = umdi,
 type = "Texto didáctico",
 year = 1988,
 keyword = "compiladores",
}

author = {Ricardo Martini and Cristiana Ara\´ujo and Pedro Rangel Henriques},
editor = {Giovani Librelotto},
author = {Javier Azcurra and Mario Ber\'on and Pedro Henriques and Maria Jo\~ao Varanda Pereira},
author = {Oliveira, Nuno and Henriques, Pedro Rangel and da Cruz, Daniela and Pereira, Maria Jo\~ao Varanda},
author = {Vilas Boas, Ismael and Oliveira, Nuno and Rangel Henriques, Pedro},
author="Martini, Ricardo G. and Ara\’ujo, Cristiana and Almeida, Jos\’e Jo\~ao and Henriques, Pedro",
editor="Rocha, \’Alvaro and Correia, Maria Ana and Adeli, Hojjat and Mendonca Teixeira, Marcelo",
author = {Ber\´on, M. and Montejano, G. and Riesco, D. and Henriques, P.R. and Debnath, N.},