Programming Languages and Software Engineering ( all time ) ( 735 publications )
Tuesday 18th of April 2017 11:15:34 PM


*** Articles ( 108 ) ***

@article{ SCP2014-SessionAdaptation,
        author = { C. D. Giusto and Jorge A. Pérez },
        title = { Disciplined Structured Communications with Disciplined Runtime Adaptation },
        journal = { Science of Computer Programming },
        year = { 2015 },
        month = { 01 },
        volume = { 97 },
        pages = { 235-265 }
}

@article{ Vianna2014_RSC,
        author = "E. S. Vianna and G. A. Silveira and Fernando Brito e Abreu",
        title = { Avaliação empírica do sucesso da utilização da gestão ágil de projetos no desenvolvimento de software em portais de notícias do Brasil },
        journal = { Revista de Sistemas e Computação (UNIFACS) },
        year = { 2014 },
        month = { 06 },
        volume = "4",
        number = { 1 },
        pages = { 59-75 },
        note = { URL={http://www.revistas.unifacs.br/index.php/rsc/article/view/3078} }
}

@article{ MAlferez2014JUCS,
        author = { Mauricio Alférez and R. E. Lopez-Herrejon and Ana Moreira and Vasco Amaral and A. Egyed },
        title = { Consistency Checking in Early SPL Specifications - The VCC Approach },
        journal = { Journal of Universal Computer Science },
        year = { 2014 },
        month = { 05 },
        volume = { 20 },
        number = { 5 },
        pages = { 640-655 },
        note = { URL={http://http://www.jucs.org/jucs_20_5/consistency_checking_in_early/jucs_20_05_0640_0665_alferez.pdf} }
}

@article{ MatiasOARMGR14,
        author = { M. Urbieta and Ana Isabel Durão Mata de Oliveira and João Araújo and Armanda Rodrigues and Ana Moreira and S. Gordillo and G. Rossi },
        title = { Web-GIS models: accomplishing modularity with aspects },
        journal = { Innovations in Systems and Software Engineering },
        year = { 2014 },
        month = { 03 },
        volume = { 10 },
        number = { 1 },
        pages = { 59-75 }
}

@article{ GiuntiV13,
        author = { Marco Giunti and V. T. Vasconcelos },
        title = { Linearity, session types and the pi calculus },
        journal = { Mathematical Structures in Computer Science },
        year = { 2014 }
}

@article{ http://dx.doi.org/10.1007/s00766-013-0184-5,
        author = { Mauricio Alférez and Ana Moreira and João Araújo },
        title = { Evaluating Scenario-Based SPL Requirements Approaches — The Case for Modularity, Stability and Expressiveness },
        journal = { Requirements Engineering },
        year = { 2014 },
        volume = { 19 },
        number = { 4 },
        pages = { 355-376 }
}

@article{ IandC14-LinearLogRelations,
        author = { Jorge A. Pérez and Luis Caires and F. Pfenning and Bernardo Toninho },
        title = { Linear Logical Relations and Observational Equivalences for Session-Based Concurrency },
        journal = { Information and Computation (Elsevier) },
        year = { 2014 }
}

@article{ AntonelliRLA13,
        author = { L. Antonelli and G. Rossi and J. Leite and João Araújo },
        title = { Early identification of crosscutting concerns with the Language Extended Lexicon },
        journal = { Requirements Engineering },
        year = { 2013 },
        month = { 11 },
        pages = { 1-23 }
}


@article{ MonteiroAraujoAmaralGoulaoPatricioSQP2013,
        author = { R. Monteiro and João Araújo and Vasco Amaral and Miguel Goulão and P. M. B. Patrício },
        title = { Adding Interoperability to Requirements Models },
        journal = { Software Quality Professional (American Society for Quality) },
        year = { 2013 },
        month = { 09 },
        volume = { 15 },
        number = { 4 },
        pages = { 16-27 },
        note = { URL={http://docentes.fct.unl.pt/mgoul/files/sqpv15i4monteiro.pdf} }
}

@article{ Barbosa2013,
        author = { Carmen Morgado and Fernanda Barbosa },
        title = { A Structured Approach to Problem Solving in CS1/2 },
        journal = { International Journal of Advanced Computer Science (IJACS) },
        year = { 2013 },
        month = { 07 },
        volume = { 3 },
        number = { 7 },
        pages = { 355-362 },
        note = { URL={http://www.ijpg.org/index.php/IJACSci/article/view/373} }
}

@article{ CFMCN13,
        author = { J. M. P. Cardoso and J. M. L. Fernandes and Miguel Pessoa Monteiro and T. Carvalho and R. Nobre },
        title = { Enriching MATLAB with aspect-oriented features for developing embedded systems },
        journal = { Journal of Systems Architecture },
        year = { 2013 },
        volume = { ISSN 1383-7621 },
        number = { Available online 27 April 2013.04-27, waiting publication in print },
        note = { URL={http://http://dx.doi.org/10.1016/j.sysarc.2013.04.003} }
}

@article{ GiuntiJ13,
        author = { Marco Giunti },
        title = { Algorithmic type checking for a pi calculus with name matching and session types },
        journal = { Journal of Logic and Algebraic Programming },
        year = { 2013 },
        volume = { 82 },
        number = { 8 },
        pages = { 263-281 },
        note = { URL={http://elsarticle.com/18AxqwX} }
}

@article{ UrbietaRGRAM13,
        author = { M. Urbieta and G. Rossi and S. Gordillo and Armanda Rodrigues and João Araújo and Ana Moreira },
        title = { An aspect-oriented approach for spatial concerns in Web applications },
        journal = { Journal of Universal Computer Science },
        year = { 2013 },
        volume = { 19 },
        number = { 1 },
        pages = { 110-131 }
}

@article{ RodriguesSilvaAraujoA2013,
        author = { Armanda Rodrigues and S. M. Silva and João Araújo },
        title = { VISUALIZATION OF GEO-REFERENCED ENTITY: AN ASPECT-ORIENTED PATTERN },
        journal = { IADIS International Journal on Computer Science and Information Systems },
        year = { 2013 },
        volume = { 8 },
        number = { 1 },
        pages = { 79-96 },
        note = { URL={http://www.iadisportal.org/ijcsis/papers/2013160106.pdf} }
}

@article{ LMCS2012,
        author = { M. Bravetti and C. D. Giusto and Jorge A. Pérez and G. Zavattaro },
        title = { Adaptable Processes },
        journal = { Logical Methods in Computer Science },
        year = { 2012 },
        month = { 11 },
        volume = { 8 },
        number = { 4:13 },
        pages = { 1-71 }
}

@article{ MonGom02,
        author = { Miguel Pessoa Monteiro and J. L. Gomes },
        title = { Implementing design patterns in Object Teams },
        journal = { Software: Practice and Experience },
        year = { 2012 },
        month = { 09 },
        volume = { published online (2012-09-18), waiting publication in print },
        number = { published online (2012-09-18), waiting publication in print },
        note = { URL={http://onlinelibrary.wiley.com/doi/10.1002/spe.2154/abstract} }
}

@article{ JLAP:CV:CF:2012,
        author = { C. Vaz and Carla Ferreira },
        title = { On the analysis of compensation correctness },
        journal = { Journal of Logic and Algebraic Programming },
        year = { 2012 },
        month = { 05 },
        note = { URL={http://dx.doi.org/10.1016/j.jlap.2012.04.002} }
}

@article{ AOURN-qualityJournal,
        author = { G. Mussbacher and João Araújo and Ana Moreira and D. Amyot },
        title = { AoURN-based modeling and analysis of software product lines },
        journal = { Software Quality Journal },
        year = { 2012 },
        volume = { 20 },
        number = { 3-4 },
        pages = { 645-687 },
        note = { URL={http://www.springerlink.com/content/l08m840130623304/} }
}

@article{ PivetaMPAGP12,
        author = { E. Piveta and Ana Moreira and M. Pimenta and João Araújo and Pedro Guerreiro and T. Price },
        title = { An Empirical Study of Aspect-Oriented Metrics },
        journal = { Science of Computer Programming },
        year = { 2012 },
        volume = { 78 },
        number = { 1 },
        pages = { 117-144 }
}

@article{ RRV12:abt,
        author = { Ant\'onio Ravara and P. Resende and Vasco T. Vasconcelos },
        title = { An Algebra of Behavioural Types },
        journal = { Information and Computation (Elsevier) },
        year = { 2012 },
        volume = { 212 },
        pages = { 64-91 },
        note = { URL={http://ctp.di.fct.unl.pt/~aravara/pubs/journals/12-RRV-abt.pdf} }
}

@article{ IJAS12,
        author = { Jorge Barreiros and Ana Moreira },
        title = { Soft Constraints in Feature Models: An Experimental Assessment },
        journal = { International Journal On Advances in Software },
        year = { 2012 },
        volume = { 5 },
        number = { 3&4 },
        pages = { 252-262 },
        note = { URL={http://www.iariajournals.org/software/tocv5n34.html} }
}

@article{ LaneseEtAl-ExprHigherOrder,
        author = { I. Lanese and Jorge A. Pérez and D. Sangiorgi and A. Schmitt },
        title = { On the Expressiveness and Decidability of Higher-Order Process Calculi },
        journal = { Information and Computation (Elsevier) },
        year = { 2011 },
        month = { 02 },
        volume = { 209 },
        number = { 2 },
        pages = { 198-226 }
}

@article{ ijwl11,
        author = { K. Georgouli and Pedro Guerreiro },
        title = { Integrating an Automatic Judge into an Open Source LMS },
        journal = { International Journal on E-Learning },
        year = { 2011 },
        volume = { 10 },
        number = { 1 },
        pages = { 27-42 },
        note = { URL={http://w3.ualg.pt/~pjguerreiro/me/docs/georgouli_guerreiro_IJEL_2011.pdf} }
}

@article{ @article{Barisic2011MPM,
        author = { Ankica Barisic and Vasco Amaral and Miguel Goulão and Bruno Barroca },
        title = { How to reach a usable DSL? Moving toward a Systematic Evaluation },
        journal = { Electronic Communications of the EASST },
        year = { 2011 },
        volume = { 50 },
        note = { URL={http://journal.ub.tu-berlin.de/eceasst/article/view/741} }
}

@article{ TCS-conv10,
        author = { Luis Caires and Hugo Torres Vieira },
        title = { Conversation Types },
        journal = { Theoretical Computer Science },
        year = { 2010 },
        month = { 11 },
        volume = { 411 },
        number = { 51-52 },
        pages = { 4399-4440 },
        note = { URL={http://dx.doi.org/10.1016/j.tcs.2010.09.010 } }
}

@article{ journals/jwe/FirmenichRUGCNNA10,
        author = { G. Rossi and M. Urbieta and S. Gordillo and João Araújo },
        title = { Engineering Concern-Sensitive Navigation Structures, Concepts, Tools and Examples },
        journal = { Journal of WebEngineering },
        year = { 2010 },
        month = { 06 },
        volume = { 9 },
        number = { 2 },
        pages = { 157-185 },
        note = { URL={http://www.rintonpress.com/journals/jweonline.html#v9n2} }
}

@article{ PerezBEATCS,
        author = { Jorge A. Pérez },
        title = { Higher-Order Concurrency: Expressiveness and Decidability },
        journal = { Bulletin of the European Association for Theoretical Computer Science },
        year = { 2010 },
        month = { 06 },
        volume = { 101 },
        pages = { 92-124 },
        note = { URL={http://albcom.lsi.upc.edu/ojs/index.php/beatcs/article/view/4} }
}

@article{ IJSEKE2010,
        author = { S. Agostinho and Ana Moreira and A. Marques and Jo\~ao Araújo and R. ferreira and R. Raminhos and R. Ribeiro and Isabel Sofia Brito and P. Chevalley },
        title = { Aspect-Oriented Specification: A Case Study in Space Domain },
        journal = { International Journal of Software Engineering and Knowledge Engineering },
        year = { 2010 }
}

@article{ Heidenreich-etal+TAOSD2010,
        author = { F. Heidenreich and P. Sanchez and João Santos and S. Zschaler and Mauricio Alférez and João Araújo and L. Fuentes and Uirá Kulesza and Ana Moreira and A. Rashid },
        title = { Relating Feature Models to Other Models of a Software Product Line - A Comparative Study of FeatureMapper and VML* },
        journal = { Transactions on Aspect-Oriented Software Development VII, Special Issue on A Common Case Study for Aspect-Oriented Modeling },
        year = { 2010 },
        volume = { LNCS 6210 },
        number = { 1 },
        pages = { 69-114 },
        note = { URL={http://www.springer.com/computer/lncs/transactions+aosd?SGWID=0-159403-0-0-0} }
}

@article{ mussbacherTAOSD2010,
        author = { G. Mussbacher and João Araújo and Ana Moreira },
        title = { Requirements Modeling with the As pect-oriented User Requirements Notation (AoURN): A Case Study },
        journal = { Transactions on Aspect Oriented Software Development (TAOSD) },
        year = { 2010 },
        volume = { 7 },
        pages = { 23-68 }
}

@article{ MR10:cepi,
        author = { J. Martinho and Ant\'onio Ravara },
        title = { Encoding cryptographic primitives in a calculus with polyadic synchronization },
        journal = { Journal of Automated Reasoning },
        year = { 2010 },
        note = { URL={http://ctp.di.fct.unl.pt/~aravara/pubs/journals/10-MR-crypto-epi-final.pdf} }
}

@article{ DSS-HAM,
        author = { R. Ribeiro and Ana Moreira and P. Broek },
        title = { Hybrid Assessment Method for Software Engineering Decisions },
        journal = { Decision Support Systems },
        year = { 2010 }
}

@article{ ATF-SoSyM,
        author = { N. A. and Uirá Kulesza and R. Mitschke and Ana Moreira and J. Royer and A. Rummler and André Sousa },
        title = { A Model-Driven Traceability Framework for Software Product Lines },
        journal = { Software and Systems Modeling },
        year = { 2009 },
        month = { 07 },
        note = { URL={http://www.springerlink.com/content/wvm4hv8r78117785/} }
}

@article{ Silva09,
        author = { C. Silva and J. F. B. Castro and João Araújo and Ana Moreira },
        title = { Advanced Separation of Concerns in Agent-Oriented Design Patterns },
        journal = { IJAOSE },
        year = { 2009 },
        month = { 02 }
}

@article{ a2031105,
        author = { Luís Russo and G. Navarro and A. Oliveira and P. Morales },
        title = { Approximate String Matching with Compressed Indexes },
        journal = { MDPI Algorithms Journal },
        year = { 2009 },
        volume = { 2 },
        number = { 3 },
        pages = { 1105-1136 },
        note = { URL={http://www.mdpi.com/1999-4893/2/3/1105} }
}

@article{ IST-Pablo,
        author = { P. Sanchez and Ana Moreira and L. Fuentes and João Araújo and José Magno Lopes },
        title = { Model-Driven Development for Early Aspects },
        journal = { Information of Software and Technology },
        year = { 2009 }
}

@article{ pr_pg_ioi_2009,
        author = { P. Ribeiro and Pedro Guerreiro },
        title = { Improving the Automatic Evaluation of Problem Solutions in Programming Contests },
        journal = { Olympiads in Informatics },
        year = { 2009 },
        volume = { 3 },
        pages = { 132-143 },
        note = { URL={http://www.mii.lt/olympiads_in_informatics/pdf/INFOL048.pdf} }
}

@article{ journals/taosd/WhittleJEMA09,
        author = { J. whittle and Ana Moreira and João Araújo },
        title = { MATA: A Unified Approach for Composing UML Aspect Models Based on Graph Transformation },
        journal = { Transactions on Aspect Oriented Software Development (TAOSD) },
        year = { 2009 },
        volume = { 5560 }
}

@article{ AbtEPJC09,
        author = { H. C. researchers) and Vasco Amaral },
        title = { Angular distributions of leptons from J/psi's produced in 920 GeV fixed-target proton-nucleus collisions },
        journal = { The European Physical Journal C - Particles and Fields },
        year = { 2009 }
}

@article{ AbtEPJC209,
        author = { H. C. researchers) and Vasco Amaral },
        title = { Kinematic distributions and nuclear effects of J/psi production in 920 GeV fixed-target proton-nucleus collisions },
        journal = { ACM Transactions on Information Systems (TOIS) },
        year = { 2009 }
}

@article{ AbtEPJC09Cramonium,
        author = { H. C. researchers) and Vasco Amaral },
        title = { Production of the charmonium states chi(c1) and chi(c2) in proton nucleus interactions at root s=41.6 GeV },
        journal = { The European Physical Journal C - Particles and Fields },
        year = { 2009 }
}

@article{ AbtEPJC09v0,
        author = { H. C. researchers) and Vasco Amaral },
        title = { V 0 production in p + A collisions at root s = 41.6 GeV },
        journal = { The European Physical Journal C - Particles and Fields },
        year = { 2009 }
}

@article{ comsisjcs,
        author = { João Costa Seco and R. Silva and M. Piriquito },
        title = { ComponentJ: A Component-Based Programming Language with Dynamic Reconfiguration },
        journal = { Computer Science and Information Systems },
        year = { 2008 },
        month = { 12 },
        volume = { 05 },
        number = { 02 },
        pages = { 65-86 }
}

@article{ TCS:TGC:Caires:08,
        author = { Luis Caires },
        title = { Spatial-Behavioral Types for Concurrency and Resource Control in Distributed Systems },
        journal = { Theoretical Computer Science },
        year = { 2008 },
        month = { 08 },
        volume = { 402 },
        number = { 2-3 },
        pages = { 120-141 },
        note = { URL={http://dx.doi.org/10.1016/j.tcs.2008.04.030} }
}

@article{ Ramos08,
        author = { R. Ramos and J. F. B. Castro and João Araújo and Ana Moreira and F. Alencar },
        title = { Refatoração para Documento de Requisitos: Uma Abordagem Aspectual },
        journal = { IEEE Latin America Transactions },
        year = { 2008 },
        month = { 07 },
        volume = { 6 },
        number = { 3 }
}

@article{ MauricioAlferezJ01_08,
        author = { M. S. Tabares and G. H. A. Salinas and Mauricio Alférez },
        title = { Aspect-Oriented Software Development: A Practical Case for an On-line Help Desk System },
        journal = { Revistas Avances en Sistemas e Informática },
        year = { 2008 },
        month = { 06 },
        volume = { 5 },
        number = { 2 },
        pages = { 61-68 },
        note = { URL={http://pisis.unalmed.edu.co/avances/archivos/ediciones/Edicion%20Avances%202008%202/08.pdf} }
}

@article{ pg_2007_ijets,
        author = { K. Georgouli and I. Skalkidis and Pedro Guerreiro },
        title = { A framework for introducing e-learning in a traditional course },
        journal = { Journal of Educational Technology & Society },
        year = { 2008 },
        month = { 04 },
        volume = { 11 },
        number = { 2 }
}

@article{ Len.Ara.Mor.Cas.ExpSys08,
        author = { M. Lencastre and João Araújo and Ana Moreira and J. F. B. Castro },
        title = { Towards Aspectual Problem Frames: an Example },
        journal = { Expert Systems Journal },
        year = { 2008 },
        month = { 02 },
        volume = { 25 },
        number = { 1 },
        pages = { 63-75 }
}

@article{ beatcs2008,
        author = { Luis Caires },
        title = { Dynamic Spatial Logics: A Tutorial Survey },
        journal = { Bulletin of the European Association for Theoretical Computer Science },
        year = { 2008 },
        month = { 02 },
        number = { 94 }
}

@article{ pg_2007_ijie,
        author = { Pedro Guerreiro and K. Georgouli },
        title = { Enhancing Elementary Programming Courses Using E-learning with a Competitive Attitude },
        journal = { International Journal of Internet Education },
        year = { 2008 },
        month = { 01 },
        volume = { 10 }
}

@article{ CSantos2008,
        author = { C. Santos and P. Sousa and J. Tribolet and Carla Ferreira },
        title = { Conceptual Model for Continuous Organizational Auditing with Real Time Analysis and Modern Control Theory },
        journal = { Journal of Emerging Technologies in Accounting },
        year = { 2008 },
        volume = { 5 },
        pages = { 37-63 }
}

@article{ pr_pg_ioi_2008,
        author = { P. Ribeiro and Pedro Guerreiro },
        title = { Early Introduction of Competitive Programming },
        journal = { Olympiads in Informatics },
        year = { 2008 },
        volume = { 2 },
        pages = { 149-162 },
        note = { URL={http://www.mii.lt/olympiads_in_informatics/pdf/INFOL020.pdf} }
}

@article{ journals/ijcsa/AraujoR08,
        author = { João Araújo and J. Ribeiro },
        title = { A Scenario and Aspect-oriented Requirements and Agile Approach },
        journal = { International Journal of Computer Science and Applications },
        year = { 2008 },
        volume = { 5 },
        number = { 3b },
        pages = { 69-92 },
        note = { URL={http://www.tmrfindia.org/ijcsa/v5i3b4.pdf} }
}

@article{ comw07cw,
        author = { Crist\'ov\~ao Oliveira and M. Wermelinger },
        title = { The CommUnity Workbench },
        journal = { Science of Computer Programming },
        year = { 2007 },
        month = { 12 },
        volume = { 69 },
        pages = { 46-55 }
}

@article{ Caires.Vieira-10a-06,
        author = { Luis Caires and Hugo Torres Vieira },
        title = { Extensionality of Spatial Observations in Distributed Systems },
        journal = { Electronic Notes in Theoretical Computer Science },
        year = { 2007 },
        month = { 06 },
        volume = { 175 },
        number = { 3 },
        pages = { 131-149 },
        note = { URL={http://dx.doi.org/10.1016/j.entcs.2006.10.056} }
}

@article{ 10.1140/epjc/s10052-007-0237-3,
        author = { H. C. researchers) and Vasco Amaral },
        title = { K*0 and PHI meson production in proton-nucleusinteractions at S**(1/2) = 41.6-GEV },
        journal = { The European Physical Journal C - Particles and Fields },
        year = { 2007 },
        month = { 04 },
        volume = { 50 },
        number = { 2 },
        pages = { 315-328 },
        note = { URL={http://www.springerlink.com/content/u15032222603k168/} }
}

@article{ hep-ex/0607046,
        author = { H. C. researchers) and Vasco Amaral },
        title = { A measurement of the Psi-Prime to J / PSI production ratio in 920-GEV proton-nucleus interactions },
        journal = { The European Physical Journal C - Particles and Fields },
        year = { 2007 },
        month = { 01 },
        volume = { 49 },
        number = { 2 },
        pages = { 545-558 },
        note = { URL={http://arxiv.org/pdf/hep-ex/0607046} }
}

@article{ Brit.Vie.Mor2007,
        author = { Isabel Sofia Brito and Filipe Vieira and Ana Moreira and R. Ribeiro },
        title = { Handling Conflicts in Aspectual Requirements Compositions },
        journal = { Transactions on Aspect Oriented Software Development (TAOSD) },
        year = { 2007 }
}

@article{ MonFer07,
        author = { Miguel Pessoa Monteiro and J. M. L. Fernandes },
        title = { An illustrative example of refactoring object-oriented source code with aspect-oriented mechanisms },
        journal = { Software: Practice and Experience },
        year = { 2007 },
        volume = { Published Online: 21 Aug 2007 },
        number = { to be defined },
        note = { URL={http://http://www3.interscience.wiley.com/cgi-bin/fulltext/114803999/PDFSTART} }
}

@article{ doi:10.1103/PhysRevD.73.052005,
        author = { H. C. researchers) and Vasco Amaral },
        title = { Improved measurement of the B-anti-B production cross section in 920-GEV fixed-target proton-nucleus collisions },
        journal = { Physical Review D },
        year = { 2007 },
        volume = { 73 },
        pages = { 1-17 },
        note = { URL={http://link.aps.org/abstract/PRD/v73/e052005} }
}

@article{ pr_pg_ioi_2007,
        author = { P. Ribeiro and Pedro Guerreiro },
        title = { Increasing the Appeal of Programming Contests with Tasks Involving Graphical User Interfaces and Computer Graphics },
        journal = { Olympiads in Informatics },
        year = { 2007 },
        volume = { 1 },
        note = { URL={http://www.i-journals.org/olympiads_in_informatics/htm/INFOL012.htm} }
}

@article{ Collaboration:2007zg,
        author = { H. C. researchers) and Vasco Amaral },
        title = { Measurement of D^0, D^+, D_s^+ and D^{*+} Production in Fixed Target 920 GeV Proton-Nucleus Collisions },
        journal = { The European Physical Journal C - Particles and Fields },
        year = { 2007 },
        volume = { C52 },
        pages = { 531-542 }
}

@article{ doi:10.1016/j.physletb.2006.05.040,
        author = { H. C. researchers) and Vasco Amaral },
        title = { Polarization of Lambda and anti-Lambda in 920-GEV fixed-target proton-nucleus collisions },
        journal = { Physics Letters B },
        year = { 2006 },
        month = { 06 },
        volume = { 638 },
        number = { 5-6 },
        pages = { 415-421 },
        note = { URL={http://usparc.ihep.su/spires/find/hep/www?eprint=hep-ex/0603047} }
}

@article{ doi:10.1016/j.physletb.2006.04.042 ,
        author = { H. C. researchers) and Vasco Amaral },
        title = { Measurement of the Upsillon production cross-section in 920-GEV fixed-target proton-nucleus collisions },
        journal = { Physics Letters B },
        year = { 2006 },
        month = { 06 },
        volume = { 638 },
        number = { 1 },
        pages = { 13-21 },
        note = { URL={http://www.sciencedirect.com/science?_ob=ArticleURL&_udi=B6TVN-4JW7V6N-6&_user=10&_coverDate=06%2F29} }
}

@article{ Caires.Lozes-5a-Feb06,
        author = { Luis Caires and E. Lozes },
        title = { Elimination of Quantifiers and Undecidability in Spatial Logics for Concurrency },
        journal = { Theoretical Computer Science },
        year = { 2006 },
        month = { 02 },
        volume = { 382 },
        number = { 2 },
        note = { URL={http://dx.doi.org/10.1016/j.tcs.2006.01.020} }
}

@article{ Ban.Cle.Ara.Mor.Ras.Tek-6a-Jan06,
        author = { E. Baniassad and P. Clements and João Araújo and Ana Moreira and A. Rashid and B. Tekinerdogan },
        title = { Discovering Early Aspects },
        journal = { IEEE Software },
        year = { 2006 },
        month = { 01 },
        volume = { 23 },
        number = { 1 },
        pages = { 61-70 },
        note = { URL={http://http://portal.acm.org/citation.cfm?id=1110641.1110731&coll=GUIDE&dl=GUIDE} }
}

@article{ Tuosto.Vieira-9a-06,
        author = { E. Tuosto and Hugo Torres Vieira },
        title = { An Observational Model for Spatial Logics },
        journal = { Electronic Notes in Theoretical Computer Science },
        year = { 2006 },
        volume = { 142 },
        pages = { 229-254 },
        note = { URL={http://www-ctp.di.fct.unl.pt/~htv/pub/obsmodel.pdf} }
}

@article{ Baar.Moreira-8a-06,
        author = { T. Baar and Ana Moreira },
        title = { Guest editorial to the special issue on UML 2004 },
        journal = { Journal of Software Systems and Modeling },
        year = { 2006 }
}

@article{ LopesScp06,
        author = { Ant\'onia Lopes and J. L. Fiadeiro },
        title = { Adding Mobility to Software Architectures },
        journal = { Science of Computer Programming },
        year = { 2006 },
        volume = { 61 },
        pages = { 114-135 }
}

@article{ vallecillo.etal:typing-behavior-objects,
        author = { A. Vallecillo and Vasco T. Vasconcelos and A. Ravara },
        title = { Typing the Behavior of Objects and Components using Session Types },
        journal = { Fundamenta Informaticae },
        year = { 2006 },
        volume = { 73 },
        number = { 4 }
}

@article{ arXiv:hep-ex/0512029v1,
        author = { H. C. researchers) and Vasco Amaral },
        title = { Measurement of the J/PSI production cross section in 920-GEV/C fixed-target proton-nucleus interactions },
        journal = { Physics Letters B },
        year = { 2006 },
        volume = { 638 },
        number = { 5-6 },
        pages = { 407-414 },
        note = { URL={http://www.sciencedirect.com/science?_ob=ArticleURL&_udi=B6TVN-4JW7V6N-6&_user=10&_coverDate=06%2F29} }
}

@article{ vasconcelos.gay.ravara:tychecking-session-types,
        author = { Vasco T. Vasconcelos and S. Gay and A. Ravara },
        title = { Typechecking a Multithreaded Functional Language with Session Types },
        journal = { Theoretical Computer Science },
        year = { 2006 },
        volume = { 368 },
        number = { 1--2 },
        pages = { 64-87 },
        note = { URL={http://www.di.fc.ul.pt/~vv/papers/vasconcelos.gay.ravara:tychecking-session-types.pdf} }
}

@article{ CaleroJCSI2006,
        author = { C. Calero and F. Ruiz and A. L. Baroni and Fernando Brito e Abreu and M. Piattini },
        title = { An Ontological Approach to Describe the SQL:2003 Object-Relational Features },
        journal = { Journal of Computer Standards & Interfaces (Elsevier) },
        year = { 2006 },
        volume = { 28 },
        number = { 6 },
        pages = { 695-713 }
}

@article{ Goulão.Abreu-12a-Mar05,
        author = { Miguel Goul\~ao and Fernando Brito e Abreu },
        title = { Validação Cruzada de Métricas para Componentes },
        journal = { IEEE Latin America Transactions },
        year = { 2005 },
        month = { 03 },
        volume = { 3 },
        number = { 1 },
        note = { URL={http://www.ewh.ieee.org/reg/9/etrans/ieee/issues/vol3/vol3issue1March2005/3TLA1_18Goulao.pdf} }
}

@article{ Oli.Wer.Fia.Lop-14a-05,
        author = { Crist\'ovão Oliveira and M. Wermelinger and J. L. Fiadeiro and Ant\'onia Lopes },
        title = { Modelling the GSM Handover Protocol in CommUnity },
        journal = { Electronic Notes in Theoretical Computer Science },
        year = { 2005 },
        volume = { 141 },
        number = { 3 },
        pages = { 3-25 }
}

@article{ vasconcelos:lambda-pi-machines,
        author = { Vasco T. Vasconcelos },
        title = { Lambda and pi calculi, CAM and SECD machines },
        journal = { Journal of Functional Programming },
        year = { 2005 },
        volume = { 15 },
        number = { 1 },
        pages = { 101-127 }
}

@article{ Ras.Mor.Tek-16a-Aug04,
        author = { A. Rashid and Ana Moreira and B. Tekinerdogan },
        title = { Early Aspects: Aspect-Oriented Requirements Engineering and Architecture Design },
        journal = { IEE Proceedings - Software Engineering },
        year = { 2004 },
        month = { 08 },
        volume = { 151 },
        number = { 4 }
}

@article{ Whi.Ara.iee04,
        author = { J. whittle and João Araújo },
        title = { Scenario Modeling with Aspects },
        journal = { IEE Proceedings - Software Engineering },
        year = { 2004 },
        month = { 08 }
}

@article{ Mol.Mor.Ros-17a-Apr04,
        author = { J. G. Molina and Ana Moreira and G. Rossi },
        title = { Guest Editorial on UML and Model Engineering },
        journal = { European Journal for the Informatics Professional },
        year = { 2004 },
        month = { 04 }
}

@article{ Caires.Cardelli-18a-04,
        author = { Luis Caires and L. Cardelli },
        title = { A Spatial Logic for Concurrency - II },
        journal = { Theoretical Computer Science },
        year = { 2004 },
        volume = { 322 },
        number = { 3 },
        pages = { 517-565 },
        note = { URL={http://dx.doi.org/10.1016/j.tcs.2003.10.041} }
}

@article{ Monteiro-19a-04,
        author = { Luis Monteiro },
        title = { A noninterleaving model of concurrency based on transition systems with spatial structure },
        journal = { Electronic Notes in Theoretical Computer Science },
        year = { 2004 },
        volume = { 106 },
        pages = { 261-277 }
}

@article{ Fia.Lop.-2-04,
        author = { Ant\'onia Lopes and J. L. Fiadeiro },
        title = { Adding Mobility to Software Architectures _ },
        journal = { Electronic Notes in Theoretical Computer Science },
        year = { 2004 },
        number = { 97 },
        pages = { 241-258 }
}

@article{ Lo.Fi.-3-2004,
        author = { Ant\'onia Lopes and J. L. Fiadeiro },
        title = { Superposition: Composition vs Refinement of Non-deterministic, Action-Based Systems },
        journal = { Formal Aspects of Computing },
        year = { 2004 },
        volume = { 16 },
        number = { 1 },
        pages = { 5-18 }
}

@article{ Antunes.Gomes.Brito2004,
        author = { C. H. Antunes and A. G. Martins and Isabel Sofia Brito },
        title = { A multiple objective mixed integer linear programming model for power generation expansion planning },
        journal = { Energy (Elsevier) },
        year = { 2004 },
        volume = { 29 },
        number = { 4 },
        pages = { 613-627 },
        note = { URL={http://www.sciencedirect.com/science?_ob=ArticleURL&_udi=B6V2S-4B6KDVD-1&_user=10&_rdoc=1&_fmt=&_ori} }
}

@article{ Caires.Cardelli-21a-03,
        author = { Luis Caires and L. Cardelli },
        title = { A spatial logic for concurrency (part I) },
        journal = { Information and Computation (Elsevier) },
        year = { 2003 },
        volume = { 186 },
        number = { 2 },
        pages = { 194-235 },
        note = { URL={http://dx.doi.org/10.1016/S0890-5401(03)00137-8} }
}

@article{ Ribeiro.Moreira-25a-03,
        author = { R. Ribeiro and Ana Moreira },
        title = { Fuzzy Query Interface for a Business Database },
        journal = { International Journal of Human-Computer Studies },
        year = { 2003 },
        pages = { 363-391 }
}

@article{ oli.ara.fl03,
        author = { C. Oliveira and João Araújo },
        title = { A Criaç\~ao em Teatro: proposta para um Thesaurus },
        journal = { Revista da Faculdade de Letras da Universidade de Lisboa },
        year = { 2003 }
}

@article{ martins.lopes.vasconcelos:impact-linearity-information,
        author = { Francisco Martins and L. Lopes and Vasco T. Vasconcelos },
        title = { The Impact of Linearity Information on the Performance of TyCO },
        journal = { Electronic Notes in Theoretical Computer Science },
        year = { 2003 },
        volume = { 75 }
}

@article{ Rib.Mor.Dec-03,
        author = { R. Ribeiro and Ana Moreira and E. Declercq },
        title = { A fuzzy evaluation model: a case for intermodal terminals in Europe },
        journal = { Studies in Fuzzy Computing },
        year = { 2003 },
        volume = { 124 },
        pages = { 218-233 }
}

@article{ Lo.Fi.We.-2003,
        author = { Ant\'onia Lopes and Miguel Wermelinger and J. L. Fiadeiro },
        title = { Higher-order Connectors },
        journal = { ACM Transactions on Software Engineering and Methodology },
        year = { 2003 },
        volume = { 12 },
        number = { 1 },
        pages = { 64-104 }
}

@article{ Abreu2002_SCP,
        author = { P. Sousa and L. Pedro-de-Jesus and G. Pereira and Fernando Brito e Abreu },
        title = { Clustering Relations into Abstract ER Schemas for Database Reverse Engineering },
        journal = { Science of Computer Programming },
        year = { 2002 },
        month = { 12 },
        volume = { 45 },
        number = { 2 },
        pages = { 137-153 },
        note = { URL={http://dx.doi.org/10.1016/S0167-6423(02)00057-6} }
}

@article{ Dua.Ara.jeit02,
        author = { Y. Duan and R. Mullins and V. Machado and João Araújo },
        title = { Addressing ICTs Skill Challenges in SMEs:Insights from three country investigations },
        journal = { Journal of European Industrial Training },
        year = { 2002 }
}

@article{ Barbosa.Cunha-28a-01,
        author = { Fernanda Barbosa and José Alberto Cardoso e Cunha },
        title = { A Coordination Language for Collective Agent-Based Systems: GroupLog },
        journal = { Applied Artificial Intelligence },
        year = { 2001 },
        volume = { 15 },
        number = { 1 },
        pages = { 59-78 }
}

@article{ Abreu2001_OBJET,
        author = { Fernando Brito e Abreu and Miguel Goulão },
        title = { A Merit Factor Driven Approach to the Modularization of Object-Oriented Systems },
        journal = { L\'Objet },
        year = { 2001 },
        volume = { 7 },
        number = { 4 },
        pages = { 455-476 },
        note = { URL={http://objet.revuesonline.com/article.jsp?articleId=524} }
}

@article{ Monteiro-29a-00,
        author = { Luis Monteiro },
        title = { Observation systems },
        journal = { Electronic Notes in Theoretical Computer Science },
        year = { 2000 },
        volume = { 33 },
        pages = { 261-275 }
}

@article{ Cla.Mor.00,
        author = { Ana Moreira and R. Clarke },
        title = { Use of E-LOTOS in Adding Formality to UML },
        journal = { Journal of Universal Computer Science },
        year = { 2000 },
        volume = { 6 },
        number = { 11 }
}

@article{ Monteiro-34a-98,
        author = { Luis Monteiro },
        title = { Semantic domains based on sets with families of equivalences },
        journal = { Electronic Notes in Theoretical Computer Science },
        year = { 1998 },
        volume = { 11 },
        pages = { 71-104 }
}

@article{ Monteiro.Porto-32a-98,
        author = { Luis Monteiro and Ant\'onio Porto },
        title = { Entailment-Based Actions for Coordination },
        journal = { Theoretical Computer Science },
        year = { 1998 },
        volume = { 192 },
        pages = { 259-286 }
}

@article{ JuniorS98,
        author = { João Araújo and P. Sawyer },
        title = { Integrating Object-Oriented Analysis and Formal Specification },
        journal = { Journal of Brazilian Computer Society },
        year = { 1998 },
        volume = { 5 },
        number = { 1 }
}

@article{ Ribeiro1998_SI,
        author = { N. P. Ribeiro and A. B. Almeida and Fernando Brito e Abreu and P. Sousa },
        title = { Levantamento de Modelos de Dados em Sistemas Legados },
        journal = { Sistemas de Informação },
        year = { 1998 },
        volume = { 9 },
        pages = { 19-28 },
        note = { URL={http://revista.apsi.pt/index.php/revista/article/viewFile/51/48} }
}

@article{ Goulao1998_SI,
        author = { Miguel Goulão and A. S. Monteiro and Fernando Brito e Abreu and A. B. Almeida },
        title = { Controlo da Evolução de Sistemas Legados },
        journal = { Sistemas de Informação },
        year = { 1998 },
        number = { 9 },
        pages = { 7-18 },
        note = { URL={http://revista.apsi.pt/index.php/revista/article/viewFile/50/47} }
}

@article{ Abreu1997_ObjectExpert,
        author = { Fernando Brito e Abreu },
        title = { Pedagogical Patterns: Picking Up the Design Patterns Approach },
        journal = { Object Expert },
        year = { 1997 },
        month = { 03 },
        volume = { 2 },
        number = { 3 },
        pages = { 37-41 }
}

@article{ JacquetMonteiroPPLElsevier,
        author = { J. Jacquet and Luis Monteiro },
        title = { Towards Resource Handling in Logic Programming: The PPL Framework and its Semantics },
        journal = { Computer Languages, Systems and Structures },
        year = { 1996 },
        volume = { 22 },
        number = { 2/3 },
        pages = { 51-77 }
}

@article{ Abreu1995_SI,
        author = { Fernando Brito e Abreu },
        title = { Métodos Quantitativos na Gestão de Projectos que usam o Paradigma da Orientação a Objectos },
        journal = { Sistemas de Informação },
        year = { 1995 },
        number = { 3 },
        pages = { 47-62 },
        note = { URL={http://revista.apsi.pt/index.php/revista/article/viewFile/17/16} }
}

@article{ Abreu1994_JSS,
        author = { Fernando Brito e Abreu and R. Carapuça },
        title = { Candidate Metrics for Object-Oriented Software within a Taxonomy Framework },
        journal = { Journal of Systems and Software },
        year = { 1994 },
        month = { 07 },
        volume = { 26 },
        number = { 1 },
        pages = { 87-96 },
        note = { URL={http://dx.doi.org/10.1016/0164-1212(94)90099-X} }
}

@article{ 13-CFetal-sscc,
        author = { L. Cruz-Filipe and I. Lanese and Francisco Martins and Ant\'onio Ravara and Vasco T. Vasconcelos },
        title = { The Stream-based Service-Centered Calculus: a Foundation for Service-Oriented Programming },
        journal = { Formal Aspects of Computing },
        year = { 0000 },
        pages = { 1-54 },
        note = { URL={http://ctp.di.fct.unl.pt/~aravara/pubs/journals/13-CFetal-sscc.pdf} }
}


*** Books ( 3 ) ***

@book{ Guerreiro-1b-Jan06,
        author = { Pedro Guerreiro },
        title = { Elementos de Programação com C },
        publisher = { FCA - Editora de Informática },
        year = { 2006 },
        month = { 01 },
        series = { Tecnologias de Informaç\~ao },
        edition = { Third edition },
        note = { ISBN={978-972-722-510-1} }
}

@book{ Guerreiro-3b-Apr03,
        author = { Pedro Guerreiro },
        title = { Programação com Classes em C++ },
        publisher = { FCA - Editora de Informática },
        year = { 2003 },
        month = { 04 },
        series = { Tecnologias de Informação },
        edition = { Second },
        note = { ISBN={972-722-375-3} }
}

@book{ Guerreiro-5b-Apr02,
        author = { Pedro Guerreiro },
        title = { Pascal - Técnicas de Programação },
        publisher = { FCA - Editora de Informática },
        year = { 2002 },
        month = { 04 },
        series = { Tecnologias de Informação },
        edition = { Fifth },
        note = { ISBN={972-722-324-9} }
}


*** Book Chapters ( 42 ) ***

@inbook{ MoreiraAraujoWhittleGoulaoAOREch12,
        author = { Ana Moreira and João Araújo and J. whittle and Miguel Goulão },
        title = { Using Aspects to Model Volatile Concerns },
        publisher = { Springer Berlin Heidelberg },
        year = { 2013 },
        pages = { 183-205 },
        note = { ISBN={978-3-642-38639-8} }
}

@inbook{ AraujoW13,
        author = { João Araújo and J. whittle },
        title = { Aspect-Oriented Compositions for Dynamic Behaviour Models },
        publisher = { Springer Berlin Heidelberg },
        year = { 2013 },
        pages = { 45-60 },
        note = { ISBN={978-3-642-38639-8} }
}

@inbook{ LencastreAMC13,
        author = { M. Lencastre and João Araújo and Ana Moreira and J. F. B. Castro },
        title = { Aspects Composition in Problem Frames },
        publisher = { Springer Berlin Heidelberg },
        year = { 2013 }
}

@inbook{ SardinhaRMAC13,
        author = { A. Sardinha and A. Rashid and Ana Moreira and João Araújo and R. Chitchyan },
        title = { Conflict Identification with EA-Analyser },
        publisher = { Springer Berlin Heidelberg },
        year = { 2013 }
}

@inbook{ SancheMAF13,
        author = { P. Sanchez and Ana Moreira and João Araújo and L. Fuentes },
        title = { Mapping aspects from requirements to architecture },
        publisher = { Springer-Verlag },
        year = { 2013 },
        pages = { 145-166 },
        note = { ISBN={978-3-642-38639-8} }
}

@inbook{ BritoMRA13,
        author = { Isabel Sofia Brito and Ana Moreira and R. Ribeiro and João Araújo },
        title = { Handling Conflicts in Aspect-OrientedRequirements Engineering },
        publisher = { Springer-Verlag },
        year = { 2013 },
        pages = { 225-242 },
        note = { ISBN={978-3-642-38639-8} }
}

@inbook{ Barisic2012DSLBookChapter,
        author = { Ankica Barisic and Vasco Amaral and Miguel Goulão and Bruno Barroca },
        title = { Evaluating the Usability of Domain-Specific Languages },
        publisher = { IGI Global },
        year = { 2012 },
        month = { 09 },
        note = { ISBN={9781466620926},
                URL={http://www.igi-global.com/book/formal-practical-aspects-domain-specific/66388} }
}

@inbook{ sedes2012_mg_fba,
        author = { Miguel Goulão and Fernando Brito e Abreu },
        title = { Proceedings of the Fourth Portuguese Software Engineering Doctoral Symposium (SEDES’2012) },
        publisher = { IEEE Computer Society },
        year = { 2012 },
        month = { 09 },
        pages = { 333-370 },
        note = { ISBN={978-0-7695-4777-0},
                URL={http://dx.doi.org/10.1109/QUATIC.2012.81} }
}

@inbook{ AMPLEBookCh4,
        author = { S. Zschaler and P. Sanchez and João Santos and Mauricio Alférez and Ana Moreira and João Araújo and Uirá Kulesza and L. Fuentes },
        title = { Variability Management },
        publisher = { Cambridge University press },
        year = { 2011 },
        note = { ISBN={13: 9780521767224},
                URL={http://www.cambridge.org/aus/catalogue/catalogue.asp?isbn=9780521767224} }
}

@inbook{ AMPLEBookCh5,
        author = { A. Pimentel and R. Ribeiro and Ana Moreira and João Araújo and João Santos and Mauricio Alférez and Uirá Kulesza and P. Broek },
        title = { Hybrid Assessment Method for SPL },
        publisher = { Cambridge University press },
        year = { 2011 },
        note = { ISBN={13: 9780521767224},
                URL={http://http://www.cambridge.org/aus/catalogue/catalogue.asp?isbn=9780521767224} }
}

@inbook{ chap8-AMPLE,
        author = { N. A. and Uirá Kulesza and R. Mitschke and Ana Moreira and J. Royer and A. Rummler },
        title = { Managing Information Flow in SPL Development Processes },
        publisher = { Cambridge University press },
        year = { 2011 },
        note = { ISBN={13: 9780521767224},
                URL={http://http://www.cambridge.org/aus/catalogue/catalogue.asp?isbn=9780521767224} }
}

@inbook{ SensoriaFLRVZ_10,
        author = { Carla Ferreira and I. Lanese and Ant\'onio Ravara and Hugo Torres Vieira and G. Zavattaro },
        title = { Advanced Mechanisms for Service Combination and Transactions },
        publisher = { Springer-Verlag },
        year = { 2011 },
        volume = { 6582 },
        series = { Lecture Notes in Computer Science },
        pages = { 302-325 },
        note = { ISBN={978-3-642-20400-5} }
}

@inbook{ sensoria:tools,
        author = { M. Bartoletti and Luis Caires and I. Lanese and F. Mazzanti and D. Sangiorgi and Hugo Torres Vieira and R. Zunino },
        title = { Tools and Verification },
        publisher = { Springer-Verlag },
        year = { 2011 },
        volume = { 6582 },
        series = { Lecture Notes in Computer Science },
        pages = { 408-427 },
        note = { ISBN={978-3-642-20400-5} }
}

@inbook{ LRV10:sensBook-behTheo,
        author = { I. Lanese and Ant\'onio Ravara and Hugo Torres Vieira },
        title = { Behavioural Theory for Session-oriented Calculi },
        publisher = { Springer-Verlag },
        year = { 2011 },
        volume = { 6582 },
        series = { Lecture Notes in Computer Science },
        pages = { 189-213 },
        note = { ISBN={978-3-642-20400-5} }
}

@inbook{ ABBBV:sensBook-staticanalysis,
        author = { L. Acciai and C. Bodei and M. Boreale and R. Bruni and Hugo Torres Vieira },
        title = { Static Analysis Techniques for Session-Oriented Calculi },
        publisher = { Springer-Verlag },
        year = { 2011 },
        volume = { 6582 },
        series = { Lecture Notes in Computer Science },
        pages = { 214-231 },
        note = { ISBN={978-3-642-20400-5} }
}

@inbook{ MonFer11,
        author = { Miguel Pessoa Monteiro and J. M. L. Fernandes },
        title = { Aspect-Oriented Refactoring of Java Programs },
        publisher = { iConcept },
        year = { 2011 },
        note = { ISBN={978-0-9807330-0-6} }
}

@inbook{ MoreiraA09,
        author = { Ana Moreira and Jo\~ao Araújo },
        title = { The Need for Early Aspects },
        publisher = { Springer Berlin Heidelberg },
        year = { 2011 },
        pages = { 386-407 }
}

@inbook{ 9781616928742,
        author = { Mauricio Alférez and Ana Moreira and Vasco Amaral and João Araújo },
        title = { Model-Driven Requirements Specification for Software Product Lines },
        publisher = { IGI Global },
        year = { 2010 },
        month = { 10 },
        pages = { 369-386 },
        note = { URL={http://www.amazon.ca/Model-Driven-Domain-Analysis-Software-Development/dp/1616928743} }
}

@inbook{ sensoria:core,
        author = { Luis Caires and R. Nicola and G. Zavattaro and R. Pugliese and Vasco T. Vasconcelos },
        title = { Core Calculi for Service Oriented Computing },
        publisher = { Springer-Verlag },
        year = { 2010 },
        series = { Lecture Notes in Computer Science }
}

@inbook{ AlferezSLE09-InBook,
        author = { Mauricio Alférez and João Santos and Ana Moreira and A. Garcia and U. Kulesza and João Araújo and Vasco Amaral },
        title = { Multi-View Composition Language for Software Product Line Requirements },
        publisher = { Springer-Verlag },
        year = { 2010 },
        volume = { 5969 },
        series = { Lecture Notes in Computer Science },
        edition = { Revised Selected Papers },
        pages = { 103-122 },
        note = { URL={http://www.springerlink.com/content/u2263qv535374572/fulltext.pdf} }
}

@inbook{ sil-fmco08,
        author = { N. Yoshida and Vasco T. Vasconcelos and Hervé Paulino and K. Honda },
        title = { Session-Based Compilation Framework for Multicore Programming },
        publisher = { Springer Berlin Heidelberg },
        year = { 2009 },
        month = { 09 },
        volume = { 5751 },
        series = { Lecture Notes in Computer Science },
        edition = { Frank S. de Boer and Marcello M. Bonsangue and Eric Madelain },
        pages = { 226-246 },
        note = { URL={http://homepages.di.fc.ul.pt/~vv/papers/yoshida.vasconcelos.etal_session-based-compilation.pdf} }
}

@inbook{ batic3schap,
        author = { Vasco Amaral and Bruno Barroca and M. Risoldi and D. Buchs and G. Falquet },
        title = { A language and a methodology for prototyping user interfaces for control systems },
        publisher = { Springer-Verlag },
        year = { 2009 },
        pages = { 223-252 }
}

@inbook{ Abreu2007_ECOOP,
        author = { Y. Guéhéneuc and C. Lange and H. A. Sahraoui and G. Falcone and M. Lanza and C. Calero and Fernando Brito e Abreu },
        title = { Quantitative Approaches in Object-Oriented Software Engineering (QAOOSE’2007 Report) },
        publisher = { Springer-Verlag },
        year = { 2008 },
        volume = { 4906 },
        pages = { 166-170 },
        note = { ISBN={978-3-540-78194-3},
                URL={http://dx.doi.org/10.1007/978-3-540-78195-0_16} }
}

@inbook{ Goulao2007SQMBook,
        author = { Miguel Goulão and Fernando Brito e Abreu },
        title = { An overview of metrics-based approaches to support software components reusability assessment },
        publisher = { ICFAI Books },
        year = { 2007 },
        series = { Information Technology },
        edition = { Ravi Kumar Jain B },
        note = { ISBN={81-314-1256-8},
                URL={http://ctp.di.fct.unl.pt/QUASAR/Resources/Papers/2007/goulao2007Book.pdf} }
}

@inbook{ Abreu2006_ECOOP,
        author = { Fernando Brito e Abreu and C. Calero and Y. Guéhéneuc and M. Lanza and H. A. Sahraoui },
        title = { Quantitative Approaches in Object-Oriented Software Engineering (QAOOSE’2006 Report) },
        publisher = { Springer-Verlag },
        year = { 2007 },
        volume = { 4379 },
        series = { LNCS },
        pages = { 87-96 },
        note = { ISBN={ISBN 978-3-540-71772-0},
                URL={http://dx.doi.org/10.1007/978-3-540-71774-4_10} }
}

@inbook{ Abreu2004_ECOOP,
        author = { C. Calero and Fernando Brito e Abreu and G. Poels and H. A. Sahraoui },
        title = { Quantitative Approaches in Object-Oriented Software Engineering (QAOOSE’2004 Report) },
        publisher = { Springer-Verlag },
        year = { 2005 },
        volume = { 3344 },
        series = { LNCS },
        pages = { 23-35 },
        note = { ISBN={3-540-23988-X},
                URL={http://dx.doi.org/10.1007/978-3-540-30554-5_3} }
}

@inbook{ Bla.Bla.Ras.Mor.Ara.Chi-6bc-04,
        author = { G. Blair and L. Blair and A. Rashid and Ana Moreira and João Araújo and R. Chitchyan },
        title = { Engineering Aspect-Oriented Systems },
        publisher = { Addison-Wesley },
        year = { 2004 },
        edition = { Robert E. Filman, Tzilla Elrad, Siobhan Clarke, Mehmet Aksit },
        note = { ISBN={0321219767},
                URL={http://http://www.amazon.com/gp/product/0321219767/002-0183087-4888844?v=glance&n=283155} }
}

@inbook{ Guerreiro-7bc-04,
        author = { Pedro Guerreiro },
        title = { Difus\~ao Aut\'onoma de Materiais Curriculares },
        publisher = { Edições Universidade Fernando Pessoa },
        year = { 2004 },
        edition = { Luís Borges Gouveia e Sofia Gaio (editores) },
        note = { ISBN={972-8830-18-1},
                URL={http://www.ufp.pt/editions.php?intEditionType=1&intId=10352} }
}

@inbook{ Bar.Cun.Ran.Lyn-5bc-04,
        author = { Fernanda Barbosa and José Alberto Cardoso e Cunha and O. Rana and S. Lynden },
        title = { Coordination in Utility Managed Multi-Agent Group },
        publisher = { Nova Science },
        year = { 2004 },
        volume = { 15 },
        series = { Advances in Computation: Theory and Practice },
        edition = { L. T. Yang and Y. Pan },
        pages = { 209-219 },
        note = { ISBN={1 59033 956 8} }
}

@inbook{ Abreu2003_ECOOP,
        author = { Fernando Brito e Abreu and M. Piattini and G. Poels and H. A. Sahraoui },
        title = { Quantitative Approaches in Object-Oriented Software Engineering (QAOOSE’2003 Report) },
        publisher = { Springer-Verlag },
        year = { 2004 },
        volume = { 3013 },
        series = { LNCS },
        pages = { 92-106 },
        note = { ISBN={3-540-22405-X},
                URL={http://dx.doi.org/10.1007/978-3-540-25934-3_10} }
}

@inbook{ Moreira-9bc-03,
        author = { Ana Moreira },
        title = { Aspectual Requirements: a Model for Advanced Separation of Concerns },
        publisher = { AECI },
        year = { 2003 },
        pages = { 1-22 },
        note = { ISBN={84-9602307-9} }
}

@inbook{ Bar.Cun.Ran.Lyn-8bc-03,
        author = { Fernanda Barbosa and José Alberto Cardoso e Cunha and O. Rana and S. Lynden },
        title = { Coordination in Utility Managed Multi-Agent Groups },
        publisher = { Swets & Zeitlinger B.V. },
        year = { 2003 },
        pages = { 995-1000 },
        note = { ISBN={90 5809 622 8} }
}

@inbook{ AFLW:03,
        author = { Ant\'onia Lopes and M. Wermelinger and J. L. Fiadeiro },
        title = { Architectural Techniques for Evolving Control Systems },
        publisher = { L\'Harmattan Press },
        year = { 2003 },
        pages = { 41-50 }
}

@inbook{ Abreu2002_ECOOP,
        author = { M. Piattini and Fernando Brito e Abreu and G. Poels and H. A. Sahraoui },
        title = { Quantitative Approaches in Object-Oriented Software Engineering (QAOOSE’2002 Report) },
        publisher = { Springer-Verlag },
        year = { 2002 },
        volume = { 2548 },
        series = { LNCS },
        pages = { 147-153 },
        note = { ISBN={3-540-00233-2},
                URL={http://dx.doi.org/10.1007/3-540-36208-8_12} }
}

@inbook{ Abreu2001_ECOOP,
        author = { Fernando Brito e Abreu and B. Henderson-Sellers and M. Piattini and G. Poels and H. A. Sahraoui },
        title = { Quantitative Approaches in Object-Oriented Software Engineering (QAOOSE’2001 Report) },
        publisher = { Springer-Verlag },
        year = { 2002 },
        volume = { 2323 },
        series = { LNCS },
        pages = { 174-183 },
        note = { ISBN={3-540-43675-8},
                URL={http://dx.doi.org/10.1007/3-540-47853-1_15} }
}

@inbook{ Moreira.Araújo-14bc-00,
        author = { Ana Moreira and João Araújo },
        title = { Generating Object-Z Specifications from Use Cases”, Enterprise Information Systems },
        publisher = { Kluwer },
        year = { 2000 },
        note = { ISBN={0-7923-6239-X} }
}

@inbook{ Abreu2000_ECOOP,
        author = { Fernando Brito e Abreu and G. Poels and H. A. Sahraoui and H. Zuse },
        title = { Quantitative Approaches in Object-Oriented Software Engineering (QAOOSE’2000 Report) },
        publisher = { Springer-Verlag },
        year = { 2000 },
        volume = { 1964 },
        series = { LNCS },
        pages = { 93-103 },
        note = { ISBN={3-540-41513-0},
                URL={http://dx.doi.org/10.1007/3-540-44555-2_8} }
}

@inbook{ Abreu1999_ECOOP,
        author = { Fernando Brito e Abreu and H. Zuse and H. A. Sahraoui and W. Melo },
        title = { Quantitative Approaches in Object-Oriented Software Engineering (QAOOSE’99 Report) },
        publisher = { Springer-Verlag },
        year = { 1999 },
        volume = { 1743 },
        series = { LNCS },
        pages = { 327-337 },
        note = { ISBN={3-540-66954-X},
                URL={http://dx.doi.org/10.1007/3-540-46589-8_19} }
}

@inbook{ Abreu1998_ECOOP,
        author = { I. Borne and Fernando Brito e Abreu and W. D. Meuter and G. H. Galal },
        title = { Techniques, Tools and Formalisms for Capturing and Assessing Architectural Quality in Object-Oriented Software },
        publisher = { Springer-Verlag },
        year = { 1998 },
        volume = { 1543 },
        series = { LNCS },
        pages = { 44-71 },
        note = { ISBN={3-540-65460-7},
                URL={http://dx.doi.org/10.1007/3-540-49255-0_2} }
}

@inbook{ MonteiroPorto93,
        author = { Luis Monteiro and Ant\'onio Porto },
        title = { A language for contextual logic programming },
        publisher = { The MIT Press },
        year = { 1993 },
        edition = { K.R. Apt, J.W. de Bakker, and J.J.M.M. Rutten },
        pages = { 115-147 }
}

@inbook{ MonteiroPortoSasbachwalden,
        author = { Luis Monteiro and Ant\'onio Porto },
        title = { Syntactic and semantic inheritance in logic programming },
        publisher = { Springer-Verlag },
        year = { 1992 },
        edition = { J. Darlington and R. Dietrich },
        pages = { 163-173 }
}

@inbook{ MonteiroEllisHorwood,
        author = { Luis Monteiro },
        title = { A proposal for distributed programming in logic },
        publisher = { Ellis Horwood Ltd. },
        year = { 1984 },
        edition = { J. A. Campbell },
        pages = { 329-340 }
}


*** Dissertations ( 35 ) ***

@phdthesis{ bfb2k13doctoralthesis,
        author = { Bruno Barroca },
        title = { Analysable Software Language Translations },
        school = { Universidade Nova de Lisboa },
        year = { 2013 },
        month = { 07 },
        note = { url={http://www.dropbox.com/s/wt1gipm2ywr5046/thesisbfb.final.pdf} }
}

@mastersthesis{ JorgeFreitas2010MSc,
        author = { Jorge Manuel da Silva C. P. Freitas },
        title = { Metamodelação de Processos e Serviços },
        school = { Faculdade de Ciências e Tecnologia, Universidade Nova de Lisboa },
        year = { 2010 },
        month = { 09 },
        note = { url={http://ctp.di.fct.unl.pt/QUASAR/Resources/Papers/2010/JorgeFreitas2010MSc.pdf} }
}

@mastersthesis{ AmericoRio2010MSc,
        author = { Américo Rio },
        title = { Modelo Automático de Qualidade para Sítios Web },
        school = { Faculdade de Ciências e Tecnologia, Universidade Nova de Lisboa },
        year = { 2010 },
        month = { 07 },
        note = { url={http://ctp.di.fct.unl.pt/QUASAR/Resources/Papers/2010/AmericoRio2010MSc.pdf} }
}

@mastersthesis{ santos2010MScThesis,
        author = { Tiago Santos },
        title = { Linguagem de Especificação Leve Hoare-Separação para Java },
        school = { Faculdade de Ciências e Tecnologia, Universidade Nova de Lisboa },
        year = { 2010 },
        month = { 07 },
        note = { url={http://ctp.di.fct.unl.pt/~tsantos/docs/TS-MSc-thesis.pdf} }
}

@phdthesis{ PerezPhDThesis,
        author = { Jorge A. Pérez },
        title = { Higher-Order Concurrency: Expressiveness and Decidability Results },
        school = { Universitá di Bologna },
        year = { 2010 },
        month = { 05 },
        note = { Supervisor: Prof. Davide Sangiorgi. 
External Reviewers: Prof. Uwe Nestmann (Berlin), Prof. Nobuko Yoshida (London) }
}

@mastersthesis{ Porciuncula2010_MSc,
        author = { Raquel Bragança Porciúncula },
        title = { Governance and IT Process Modeling },
        school = { Faculdade de Ciências e Tecnologia, Universidade Nova de Lisboa },
        year = { 2010 },
        month = { 02 },
        note = { url={http://ctp.di.fct.unl.pt/QUASAR/},
                other_notes={Supervisor: Fernando Brito e Abreu} }
}

@mastersthesis{ Costa2010_MSc,
        author = { José Carlos Gonçalves Costa },
        title = { MGPSI – Metodologia de Gestão de Projectos Aplicada ao Desenvolvimento de Sistemas de Informação },
        school = { Faculdade de Ciências e Tecnologia, Universidade Nova de Lisboa },
        year = { 2010 },
        month = { 02 },
        note = { url={http://ctp.di.fct.unl.pt/QUASAR/},
                other_notes={Supervisor: Fernando Brito e Abreu} }
}

@phdthesis{ htvphdthesis,
        author = { Hugo Torres Vieira },
        title = { A Calculus for Modeling and Analyzing Conversations in Service-Oriented Computing },
        school = { Faculdade de Ciências e Tecnologia, Universidade Nova de Lisboa },
        year = { 2010 },
        note = { url={http://www-ctp.di.fct.unl.pt/~htv/pub/thesis.pdf} }
}

@mastersthesis{ typeinference_conversationtypes,
        author = { Luísa Lourenço },
        title = { Type Inference for Conversation Types },
        school = { Faculdade de Ciências e Tecnologia, Universidade Nova de Lisboa },
        year = { 2010 },
        note = { url={http://ctp.di.fct.unl.pt/~luisal/files/msc_dissertation.pdf} }
}

@mastersthesis{ mscmd2010,
        author = { Miguel Domingues },
        title = { Core Language for Web Applications },
        school = { Departamento de Informática FCT/UNL },
        year = { 2010 },
        note = { url={http://ctp.di.fct.unl.pt/~mdomingues/docs/mbd-mscthesis.pdf} }
}

@mastersthesis{ Caldeira2009_MSc,
        author = { Jo\~ao Carlos Palmela Pinheiro Caldeira },
        title = { Information Technology Service Management: An Experimental Approach Towards IT Service Prediction },
        school = { Departamento de Informática FCT/UNL },
        year = { 2009 },
        month = { 06 },
        note = { Supervisor: Fernando Brito e Abreu }
}

@phdthesis{ goulao2008PhD,
        author = { Miguel Goulão },
        title = { Component-Based Software Engineering: a Quantitative Approach },
        school = { Universidade Nova de Lisboa },
        year = { 2008 },
        month = { 12 },
        note = { url={http://ctp.di.fct.unl.pt/QUASAR/Resources/Papers/2008/goulao2008PhD.pdf} }
}

@mastersthesis{ LuisSilva2008_MSc,
        author = "Luís Alexandre Ferreira da Silva",
        title = { Assessment of IT Infrastructures: A Model Driven Approach },
        school = { Faculdade de Ciências e Tecnologia, Universidade Nova de Lisboa },
        year = { 2008 },
        month = { 12 },
        note = { url={http://ctp.di.fct.unl.pt/QUASAR/Resources/Papers/2008/LuisSilva2008MSc.pdf},
                other_notes={Supervisor: Fernando Brito e Abreu} }
}

@phdthesis{ @dissertation{PhD/Brito08, title =,
        author = { Isabel Sofia Brito },
        title = { AORA - Aspect-Oriented Requirements Analysis },
        school = { Instituto Politécnico de Beja },
        year = { 2008 },
        month = { 07 },
        note = { url={http://www.estig.ipbeja.pt/~issb/tese/PhDThesis-IsabelBrito.pdf} }
}

@mastersthesis{ FilipaSilva2008MSc,
        author = { Filipa Pires Duarte da Silva },
        title = { Recuperação Automática da Modelação Comportamental com Aplicações ao Ensaio Baseado em Modelos },
        school = { Faculdade de Ciências e Tecnologia, Universidade Nova de Lisboa },
        year = { 2008 },
        month = { 07 },
        note = { url={http://http://ctp.di.fct.unl.pt/QUASAR/Resources/Papers/2008/FilipaSilva2008MSc.pdf} }
}

@mastersthesis{ VitorGouveia2008MSc,
        author = { Vitor Emanuel Gomes Gouveia },
        title = { Cenários Visuais: Rastreio de Requisitos, Documentação e Animação para Sistemas Legados },
        school = { Faculdade de Ciências e Tecnologia, Universidade Nova de Lisboa },
        year = { 2008 },
        month = { 07 },
        note = { url={http://http://ctp.di.fct.unl.pt/QUASAR/Resources/Papers/2008/VitorGouveia2008MSc.pdf} }
}

@mastersthesis{ bryton2008b,
        author = { Sérgio Bryton },
        title = { Modularity Improvements with Aspect-Oriented Programming },
        school = { Faculdade de Ciências e Tecnologia, Universidade Nova de Lisboa },
        year = { 2008 }
}

@phdthesis{ Habil07,
        author = { Luis Caires },
        title = { Dynamic Spatial Logics - A survey and some recent developments },
        school = { Universidade Nova de Lisboa },
        year = { 2007 },
        month = { 11 }note = { Aggregation Thesis }
}

@phdthesis{ jcsThesis,
        author = { João Costa Seco },
        title = { Languages and Types for Component-Based Programming },
        school = { Faculdade de Ciências e Tecnologia, Universidade Nova de Lisboa },
        year = { 2006 },
        month = { 10 }
}

@phdthesis{ martins:phd,
        author = { Francisco Martins },
        title = { Controlling Security Policies in a Distributed Environment },
        school = { Faculdade de Ciências da Universidade de Lisboa },
        year = { 2006 }
}

@mastersthesis{ jddpMscThesis,
        author = { José Pacheco },
        title = { Computational Power of Killers and Helpers in the Immune System },
        school = { Faculdade de Ciências da Universidade de Lisboa },
        year = { 2004 },
        month = { 07 },
        note = { url={http://www.di.fc.ul.pt/tech-reports/04-10.pdf} }
}

@phdthesis{ ERFreire-Nov2004,
        author = { Elisabete Freire },
        title = { Contributos para o Estudo da Semântica de Linguagens com Concorrência e Mobilidade },
        school = { Universidade dos Açores },
        year = { 2004 }
}

@mastersthesis{ barreirosMsc03,
        author = { Jorge Barreiros },
        title = { Algoritmos Genéticos para Encaminhamento Global em FPGAs },
        school = { Universidade de Coimbra },
        year = { 2003 },
        month = { 06 }
}

@phdthesis{ Abreu2001_PhD,
        author = { Fernando Brito e Abreu },
        title = { Object Oriented Software Engineering: a Quantitative Approach },
        school = { Instituto Superior Técnico },
        year = { 2001 },
        month = { 06 },
        note = { Dissertation is written in Portuguese }
}

@mastersthesis{ martins:masters-thesis,
        author = { Francisco Martins },
        title = { Computação com redes idiotípicas },
        school = { Universidade dos Açores },
        year = { 2000 },
        note = { url={http://www.di.fc.ul.pt/~fmartins/publications/martins-masters-thesis.pdf} }
}

@phdthesis{ Dias-diss-Dec1999,
        author = { Artur Miguel Dias },
        title = { OM - Uma Linguagem de Programação Multiparadigma },
        school = { Faculdade de Ciências e Tecnologia, Universidade Nova de Lisboa },
        year = { 1999 },
        month = { 12 },
        note = { url={http://ctp.di.fct.unl.pt/~amd/publications/1999-tese doutoramento.pdf} }
}

@phdthesis{ Caires-3d-Jun99,
        author = { Luis Caires },
        title = { A Model for Declarative Programming with Concurrency and Mobility },
        school = { Departamento de Informática FCT/UNL },
        year = { 1999 },
        month = { 06 }
}

@phdthesis{ Mamede-PhD-98,
        author = { Margarida Mamede },
        title = { Queries and Answers in Concept-Based Knowledge Bases },
        school = { Faculdade de Ciências e Tecnologia, Universidade Nova de Lisboa },
        year = { 1998 },
        month = { 06 }
}

@mastersthesis{ Seco-Nov97,
        author = { João Costa Seco },
        title = { Monitorização de Nuvens de Poluente através de Sociedades de Agentes Rob\'oticos Simulados },
        school = { Faculdade de Ciências e Tecnologia, Universidade Nova de Lisboa },
        year = { 1997 },
        month = { 11 }
}

@phdthesis{ Ara.phd96,
        author = { João Araújo },
        title = { Metamorphosis: An Integrated Object Oriented Requirements Analysis and Specification Method },
        school = { Lancaster University },
        year = { 1996 }
}

@mastersthesis{ Ribeiro95,
        author = { Anabela Ribeiro },
        title = { Estudo do Modelo Abstract de Programação Concorrente },
        school = { Departamento de Informática FCT/UNL },
        year = { 1995 }
}

@phdthesis{ MonteiroAgg,
        author = { Luis Monteiro },
        title = { Modelos da Negação na Programação em L\'ogica },
        school = { Universidade Nova de Lisboa },
        year = { 1995 }note = { Aggregation Thesis }
}

@mastersthesis{ ara.master92,
        author = { João Araújo },
        title = { An Object-Oriented Analysis and Design Method },
        school = { Universidade Federal de Pernambuco },
        year = { 1992 }
}

@mastersthesis{ Abreu1989_MSc,
        author = { Fernando Brito e Abreu },
        title = { Information Systems Performance Forecasting: Production of Simulation Tools },
        school = { Instituto Superior Técnico },
        year = { 1989 },
        month = { 11 },
        note = { Dissertation is written in Portuguese }
}

@phdthesis{ MonteiroPhD,
        author = { Luis Monteiro },
        title = { Uma L\'ogica para Processos Distribuídos },
        school = { Universidade Nova de Lisboa },
        year = { 1983 }
}

@inproceedings{ POPL14-LLLC,
        author = { Luísa Lourenço and Luis Caires },
        title = { Dependent Information Flow Types },
        booktitle = { POPL 15 42th ACM SIGPLAN Symposium on Principles of Programming Languages },
        publisher = { ACM },
        year = { 2015 },
        month = { 01 }
}

@inproceedings{ EventBasedAdaptation14,
        author = { C. D. Giusto and Jorge A. Pérez },
        title = { An Event-Based Approach to Runtime Adaptation in Communication-Centric Systems },
        booktitle = { Web Services and Formal Methods - 11th International Workshop, WS-FM 2014 },
        publisher = { Springer },
        year = { 2014 },
        month = { 11 },
        series = { Lecture Notes in Computer Science (To appear) }
}

@inproceedings{ bndfrsp14,
        author = { Valter Balegas and M. Najafzadeh and Sérgio Duarte and Carla Ferreira and Rodrigo Rodrigues and M. Shapiro and Nuno Preguiça },
        title = { The Case for Fast and Invariant-Preserving Geo-Replication },
        booktitle = { W-PSDS 2014: Workshop on Planetary-Scale Distributed Systems, 2014 },
        publisher = { IEEE Computer Society },
        year = { 2014 },
        month = { 10 },
        note = { URL={http://wpsds14.lsd.di.uminho.pt/} }
}

@inproceedings{ BarisicAmaralGoulaoAguiar2014MD2P2,
        author = { Ankica Barisic and Vasco Amaral and Miguel Goulão and A. Aguiar },
        title = { Introducing usability concerns early in the DSL development cycle: FlowSL experience report },
        booktitle = { MD2P2 2014–Model-Driven Development Processes and Practices Workshop Proceedings },
        publisher = { CEUR-WS },
        year = { 2014 },
        month = { 09 },
        pages = { 8-17 },
        note = { URL={http://ceur-ws.org/Vol-1249/MD2P22014.pdf#page=13} }
}

@inproceedings{ DynamicRoles14,
        author = { S. Ghilezan and S. Jaksic and J. Pantovic and Jorge A. Pérez and Hugo Torres Vieira },
        title = { Dynamic Role Authorization in Multiparty Conversations },
        booktitle = { Proceedings Third Workshop on Behavioural Types },
        publisher = { EPTCS - Electronic Proceedings in Theoretical Computer Science },
        year = { 2014 },
        month = { 09 },
        pages = { 1-8 }
}

@inproceedings{ SecureAdaptation14,
        author = { I. Castellani and M. Dezani-Ciancaglini and Jorge A. Pérez },
        title = { Self-Adaptation and Secure Information Flow in Multiparty Structured Communications: A Unified Perspective },
        booktitle = { Proceedings Third Workshop on Behavioural Types },
        publisher = { EPTCS - Electronic Proceedings in Theoretical Computer Science },
        year = { 2014 },
        month = { 09 },
        pages = { 9-18 }
}

@inproceedings{ SPLC2014,
        author = { Jorge Barreiros and Ana Moreira },
        title = { A cover-based approach for configuration repair },
        booktitle = { Proceedings of the 18th International Software Product Line Conference },
        publisher = { ACM },
        editor = { ACM },
        year = { 2014 },
        month = { 09 },
        series = { SPLC'14 },
        number = { 978 },
        pages = { 157-166 }
}

@inproceedings{ sarainforum,
        author = { S. Gonçalves and H. Lourenço and S. Silva and João Costa Seco },
        title = { Otimização automática de aplicações web usando templates client-side },
        booktitle = { INForum 2014 - Actas do 6º Simp\'osio de Informática },
        publisher = { Universidade do Porto },
        year = { 2014 },
        month = { 09 }
}

@inproceedings{ SabinoRodriguesGoulaoGouveia2014WIC,
        author = { André Sabino and Armanda Rodrigues and Miguel Goulão and João Gouveia },
        title = { Indirect Keyword Recommendation },
        booktitle = { The 2014 IEEE/WIC/ACM International Conference on Web Intelligence, WIC 2014 },
        publisher = { IEEE Computer Society },
        year = { 2014 },
        month = { 08 }
}

@inproceedings{ WanderleyS0S14,
        author = { F. Wanderley and A. SIlva and João Araújo and D. Silveira },
        title = { SnapMind: A framework to support consistency and validation of model-based requirements in agile development },
        booktitle = { MoDRE },
        publisher = { IEEE Computer Society },
        editor = { IEEE Computer Society },
        year = { 2014 },
        month = { 08 },
        pages = { 47-56 },
        note = { URL={http://dx.doi.org/10.1109/MoDRE.2014.6890825} }
}

@inproceedings{ SEKE2014-Barreiros,
        author = { Jorge Barreiros and Ana Moreira },
        title = { Flexible Modeling and Product Derivation in Software Product Lines },
        booktitle = { The 26th International Conference on Software Engineering and Knowledge Engineering },
        publisher = { Knowledge Systems Institute },
        editor = { Knowledge Systems Institute },
        year = { 2014 },
        month = { 07 },
        series = { SEKE'14 }
}

@inproceedings{ GralhaGoulaoAraujo2014CAiSE,
        author = { C. G. Almeida and Miguel Goul\~ao and João Araújo },
        title = { Identifying modularity improvement opportunities in goal-oriented requirements models },
        booktitle = { 26th International Conference on Advanced Information Systems Engineering },
        publisher = { Springer },
        year = { 2014 },
        month = { 06 }
}

@inproceedings{ militao2014,
        author = { Filipe Militão and J. Aldrich and Luis Caires },
        title = { Rely-Guarantee Protocols },
        booktitle = { ECOOP European conference on Object-oriented programming },
        publisher = { Springer },
        year = { 2014 },
        month = { 06 },
        note = { URL={http://www.cs.cmu.edu/~foliveir/papers/ecoop14-paper.pdf} }
}

@inproceedings{ WanderleyS0MG14,
        author = { F. Wanderley and D. Silveira and João Araújo and Ana Moreira },
        title = { Experimental Evaluation of Conceptual Modelling through Mind Maps and Model Driven Engineering },
        booktitle = { 14th International Conference on Computational Science and Its Applications - {ICCSA} 2014 - },
        publisher = { Springer },
        year = { 2014 },
        month = { 06 },
        pages = { 200-214 }
}

@inproceedings{ RPAD-FormalGridModels,
        author = { C. Ramirez and Jorge A. Pérez and J. Aranda and J. F. Díaz },
        title = { Towards Formal Interaction-based Models of Grid Computing Infrastructures },
        booktitle = { Proceedings 9th International Workshop on Developments in Computational Models, DCM 2013 },
        publisher = { EPTCS - Electronic Proceedings in Theoretical Computer Science },
        year = { 2014 },
        month = { 02 },
        note = { URL={http://www.dcm-workshop.org.uk/2013/} }
}

@inproceedings{ Pires&Abreu2014a,
        author = { Luís Pires da Silva and Fernando Brito e Abreu },
        title = { Model-Driven GUI Generation and Navigation for Android BIS Apps },
        booktitle = { Proceedings of the 2nd International Conference on Model-Driven Engineering and Software Development (MODELSWARD’2014) },
        publisher = { SCITEPRESS },
        editor = { Luis Ferreira Pires (University of Twente, The Netherlands), Slimane Hammoudi (ESEO, MODESTE, France },
        year = { 2014 },
        month = { 01 },
        pages = { 400-407 },
        note = { URL={http://www.modelsward.org/?y=2014} }
}

@inproceedings{ Coimbra&Abreu2014a,
        author = { P. J. Coimbra and Fernando Brito e Abreu },
        title = { The Eclipse Java Metamodel: Scaffolding Software Engineering Research on Java Projects with MDE Techniques },
        booktitle = { Proceedings of the 2nd International Conference on Model-Driven Engineering and Software Development (MODELSWARD’2014) },
        publisher = { SCITEPRESS },
        editor = { Luis Ferreira Pires (University of Twente, The Netherlands), Slimane Hammoudi (ESEO, MODESTE, France },
        year = { 2014 },
        month = { 01 },
        note = { URL={http://www.modelsward.org} }
}

@inproceedings{ PLPV14,
        author = { Filipe Militão and Luis Caires },
        title = { Substructural typestates },
        booktitle = { Proceedings of the 2014 ACM SIGPLAN Workshop on Programming Languages meets Program Verification, PLPV 2014 },
        publisher = { ACM },
        editor = { Nils Anders Danielsson, Bart Jacobs (Eds.) },
        year = { 2014 },
        month = { 01 },
        series = { ACM 2014 },
        pages = { 15-26 }
}

@inproceedings{ GiuntiR13,
        author = { Marco Giunti and Ant\'onio Ravara },
        title = { Towards static deadlock resolution in the pi calculus },
        booktitle = { 8th International Symposium on Trustworthy Global Computing (TGC 2013) },
        publisher = { Springer-Verlag },
        editor = { Springer },
        year = { 2014 },
        series = { Lecture Notes in Computer Science },
        number = { 8358 }
}

@inproceedings{ DBLP:conf/models/GomesBA14,
        author = { Bruno Barroca and Vasco Amaral },
        title = { Classification of Model Transformation Tools: Pattern Matching Techniques },
        booktitle = { IEEE/ACM MODELS 2014, Model-Driven Engineering Languages and Systems - 17th International Conference, Valencia, Spain, September 28 - October 3, 2014. Proceedings },
        publisher = { Springer },
        year = { 2014 },
        note = { URL={http://dx.doi.org/10.1007/978-3-319-11653-2_38} }
}

@inproceedings{ Sabino2014a,
        author = { André Sabino and Armanda Rodrigues and João Araújo and P. Poseiro and C. J. E. M. Fortes and M. T. Reis },
        title = { Wave overtopping analysis and early warning system },
        booktitle = { Proc. ICCSA 2014, 14th International Conference on Computational Science and Its Applications },
        publisher = { Springer },
        year = { 2014 }
}

@inproceedings{ Conceicao2014_QUATIC,
        author = { C. F. R. Conceição and G. F. Carneiro and Fernando Brito e Abreu },
        title = { Streamlining Code Smells:Using Collective Intelligence and Visualization },
        booktitle = { Proceedings of the 9th International Conference on the Quality of Information and Communications Technology (QUATIC’2014) },
        publisher = { IEEE Computer Society },
        year = { 2014 },
        pages = { 306-311 },
        note = { URL={http://dx.doi.org/10.1109/QUATIC.2014.49} }
}

@inproceedings{ Silva2014_QUATIC,
        author = { Luís Pires da Silva and Fernando Brito e Abreu },
        title = { A MDE Generative Approach for Mobile Business Apps },
        booktitle = { Proceedings of the 9th International Conference on the Quality of Information and Communications Technology (QUATIC’2014) },
        publisher = { IEEE Computer Society },
        editor = { Luis Ferreira Pires (University of Twente, Netherlands), Slimane Hammoudi (ESEO, MODESTE, France) },
        year = { 2014 },
        pages = { 400-407 },
        note = { URL={http://dx.doi.org/10.1109/QUATIC.2014.50} }
}

@inproceedings{ DBLP:conf/models/SilvaAA14,
        author = { Luís Pires da Silva and Fernando Brito e Abreu and Vasco Amaral },
        title = { A Model-Driven Approach for Mobile Business Information Systems Applications },
        booktitle = { Proceedings of Doctoral Symposium co-located with 17th International Conference on Model Driven Engineering Languages and Systems (2014),Valencia, Spain, September 30, 2014. },
        publisher = { CEUR Workshop Proceedings },
        year = { 2014 }
}

@inproceedings{ DGP-AdaptationExamples,
        author = { C. D. Giusto and Jorge A. Pérez },
        title = { Session Types with Runtime Adaptation: Overview and Examples },
        booktitle = { Proceedings 5th Workshop on Programming Language Approaches to Concurrency and Communication-cEntric Software, PLACES 2013 },
        publisher = { EPTCS - Electronic Proceedings in Theoretical Computer Science },
        editor = { Nobuko Yoshida and Wim Vanderbauwhede },
        year = { 2013 },
        month = { 12 },
        series = { Electronic Proceedings in Theoretical Computer Science },
        number = { 137 },
        pages = { 21-32 }
}

@inproceedings{ comp-trees,
        author = { J. A. Horta and Margarida Mamede and José Legatheaux Martins },
        title = { Encaminhamento Multi-Caminho Baseado num Número Reduzido de Árvores },
        booktitle = { Conferência de Redes de Computadores 2013 (CRC 2013) },
        publisher = { Instituto Politécnico de Leiria },
        year = { 2013 },
        month = { 11 },
        series = { Conferência de Redes de Computadores - CRC },
        pages = { 103-108 }
}

@inproceedings{ Sampaio:2013:BCQ:2526968.2526985,
        author = { B. Sampaio and Carmen Morgado and Fernanda Barbosa },
        title = { Building Collaborative Quizzes },
        booktitle = { Proceedings of the 13th Koli Calling International Conference on Computing Education Research },
        publisher = { ACM },
        editor = { Mikko Jussi Laakso, Simon },
        year = { 2013 },
        month = { 11 },
        series = { Koli Calling '13 },
        pages = { 153-159 },
        note = { URL={http://http://doi.acm.org/10.1145/2526968.2526985} }
}

@inproceedings{ GrueauER2013,
        author = { Cédric Grueau },
        title = { Towards a Domain Specific Modeling Language for Agent-Based modeling of Land Use/Cover Change },
        booktitle = { proceedings of the 32nd International Conference on Conceptual Modeling (ER 2013) },
        publisher = { Springer-Verlag },
        year = { 2013 },
        month = { 11 }
}

@inproceedings{ costagomeslopesrussobrisaboa2013,
        author = { Jorge Costa and Luís Gomes and Gabriel Pereira Lopes and Luís Russo and N. Brisaboa },
        title = { Compact and Fast Indexes for Translation Related Tasks },
        booktitle = { Progress in Artificial Intelligence },
        publisher = { Springer-Verlag },
        editor = { Luis Correia, Luis Paulo Reis and João Cascalho },
        year = { 2013 },
        month = { 09 },
        series = { Lecture Notes in Computer Science },
        number = { 8154 },
        pages = { 504-515 },
        note = { URL={http://link.springer.com/chapter/10.1007%2F978-3-642-40669-0_43} }
}

@inproceedings{ paths-selection,
        author = { J. A. Horta and Margarida Mamede and José Legatheaux Martins },
        title = { Selecção de Caminhos para Encaminhamento Multi-Caminho },
        booktitle = { Atas do Simp\'osio de Informática 2013 (INFORUM 2013) },
        publisher = { Universidade de Évora },
        year = { 2013 },
        month = { 09 },
        series = { Atas do INFORUM }
}

@inproceedings{ PFerreira13,
        author = { P. J. A. D. Ferreira and João Costa Seco and Carla Ferreira },
        title = { Fluxo de Informação em Sistemas com Políticas de Confidencialidade Dinâmicas },
        booktitle = { INForum 2013 - Actas do 5º Simp\'osio de Informática },
        publisher = { Escola de Ciências e Tecnologia da Universidade de Évora },
        year = { 2013 },
        month = { 09 },
        pages = { 42-53 }
}

@inproceedings{ DSousa13,
        author = { D. Sousa and Carla Ferreira and João Lourenço },
        title = { Prevenção de Violações de Atomicidade usando Contractos },
        booktitle = { INForum 2013 - Actas do 5º Simp\'osio de Informática (Comunicações) },
        publisher = { Escola de Ciências e Tecnologia da Universidade de Évora },
        year = { 2013 },
        month = { 09 },
        pages = { 190-201 }
}

@inproceedings{ GradeInforum13,
        author = { N. Grade and L. Ferrão and João Costa Seco },
        title = { Optimizing Data Queries Over Heterogeneous Sources },
        booktitle = { INForum 2013 - Actas do 5º Simp\'osio de Informática },
        publisher = { Escola de Ciências e Tecnologia da Universidade de Évora },
        year = { 2013 },
        month = { 09 }
}

@inproceedings{ amaralMPM2013,
        author = { Vasco Amaral },
        title = { A Multiparadigm Approach to Integrate Gestures and Sound in the Modeling Framework },
        booktitle = { Proc. 7th International Workshop on Multi-Paradigm Modeling (MPM'13) },
        publisher = { CEUR Workshop Proceedings },
        year = { 2013 },
        month = { 09 },
        note = { URL={http://msdl.cs.mcgill.ca/conferences/MPM/} }
}

@inproceedings{ TGC13,
        author = { Luísa Lourenço and Luis Caires },
        title = { Information Flow Analysis for Valued-Indexed Data Security Compartments },
        booktitle = { 8th International Symposium on Trustworthy Global Computing },
        publisher = { Springer-Verlag },
        year = { 2013 },
        month = { 08 },
        series = { Lecture Notes in Computer Science }
}

@inproceedings{ SAMPAIO2013COL,
        author = { B. Sampaio and Carmen Morgado and Fernanda Barbosa },
        title = { COLLABORATIVE QUIZ DEVELOPMENT WITH EPIK },
        booktitle = { EDULEARN13 Proceedings },
        publisher = { IATED - International Academy of Technology, Education and Development },
        year = { 2013 },
        month = { 07 },
        series = { 5th International Conference on Education and New Learning Technologies },
        pages = { 506-514 },
        note = { URL={http://http://library.iated.org/view/SAMPAIO2013COL} }
}

@inproceedings{ Espada2013CAiSE,
        author = { P. Espada and Miguel Goulão and João Araújo },
        title = { A Framework to Evaluate Complexity and Completeness of KAOS Goal Models },
        booktitle = { 25th International Conference on Advanced Information Systems Engineering (CAiSE 2013) },
        publisher = { Springer Berlin Heidelberg },
        year = { 2013 },
        month = { 06 }
}

@inproceedings{ AlmeidaGoulaoAraujoIStar2013,
        author = { C. G. Almeida and Miguel Goulão and João Araújo },
        title = { A Systematic Comparison of i* Modelling Tools Based on Syntactic and Well-Formedness Rules },
        booktitle = { 6th International i* Workshop i* 2013 (at CAiSE 2013) },
        publisher = { CEUR Workshop Proceedings },
        editor = { Jaelson Castro, Jennifer Horkoff, Neil Maiden, Eric Yu },
        year = { 2013 },
        month = { 06 },
        series = { CEUR Workshop Proceedings Series },
        number = { 978 },
        pages = { 43-48 },
        note = { URL={http://ctp.di.fct.unl.pt/~mgoul/papers/2013/AlmeidaGoulaoAraujoISTAR2013.pdf} }
}

@inproceedings{ WanderleySAM13,
        author = { F. Wanderley and D. Silveira and João Araújo and Ana Moreira },
        title = { Transforming Creative Requirements into a Conceptual Model },
        booktitle = { RCIS 2013 },
        publisher = { IEEE Computer Society },
        year = { 2013 },
        month = { 05 },
        note = { URL={http://rcis-conf.com/rcis2013/} }
}

@inproceedings{ Fernandes2013AGILE,
        author = { Ana Isabel Fernandes and Miguel Goulão and Armanda Rodrigues },
        title = { A Comparison of Maps Application Programming Interfaces },
        booktitle = { 16th AGILE Conference on Geographic Information Science },
        publisher = { Association of Geographic Information Laboratories for Europe (AGILE) },
        year = { 2013 },
        month = { 05 },
        note = { URL={http://ctp.di.fct.unl.pt/~mgoul/papers/2013/AGILE2013FernandesetalCameraReady.pdf} }
}

@inproceedings{ ESOP13TCP,
        author = { Bernardo Toninho and Luis Caires and F. Pfenning },
        title = { Higher-Order Processes, Functions, and Sessions: A Monadic Integration },
        booktitle = { Programming Languages and Systems, 22nd European Symposium on Programming, ESOP 2013 },
        publisher = { Springer-Verlag },
        year = { 2013 },
        month = { 04 }
}

@inproceedings{ ESOP13CPPT,
        author = { Luis Caires and Jorge A. Pérez and F. Pfenning and Bernardo Toninho },
        title = { Behavioral Polymorphism and Parametricity in Session-Based Communication },
        booktitle = { Programming Languages and Systems, 22nd European Symposium on Programming, ESOP 2013 },
        publisher = { Springer-Verlag },
        year = { 2013 },
        month = { 04 }
}

@inproceedings{ DantasGWA2013,
        author = { F. Dantas and A. Garcia and J. whittle and João Araújo },
        title = { Enhancing Design Models with Composition Properties: A Software Maintenance Study },
        booktitle = { AOSD 2013 },
        publisher = { ACM Press },
        year = { 2013 },
        month = { 03 }
}

@inproceedings{ RodriguesAetAl2013,
        author = { Armanda Rodrigues and S. M. Silva and João Araújo },
        title = { VISUALIZATION OF GEO-REFERENCED ENTITY: AN ASPECT-ORIENTED PATTERN },
        booktitle = "IADIS Information Systems 2013",
        publisher = { IADIS Press },
        year = { 2013 },
        month = { 03 }
}

@inproceedings{ DBLP:conf/sac/LourencoSM13,
        author = { Luís Miguel Lourenço and João Costa Seco and F. Martins },
        title = { Concurrent Typed Intermediate Language },
        booktitle = { Proceedings of the 28th Annual ACM Symposium on Applied Computing, SAC '13, Coimbra, Portugal, March 18-22, 2013 },
        publisher = { ACM },
        editor = { Sung Y. Shin and José Carlos Maldonado },
        year = { 2013 },
        month = { 03 },
        pages = { 1587-1588 },
        note = { URL={http://doi.acm.org/10.1145/2480362.2480658} }
}

@inproceedings{ SAC13,
        author = "C. D. Giusto and Jorge A. Pérez",
        title = { Disciplined Structured Communications with Consistent Runtime Adaptation },
        booktitle = { Proceedings of SAC'13: 28th Annual ACM Symposium On Applied Computing },
        publisher = { ACM Press },
        year = { 2013 },
        month = { 03 },
        note = { URL={http://www.itu.dk/acmsac2013-soap/} }
}

@inproceedings{ AraujoGoulaoMoreiraSimaoAmaralBaniassad2012SAC,
        author = { João Araújo and Miguel Goulão and Ana Moreira and I. N. Simão and Vasco Amaral and E. Baniassad },
        title = { Advanced Modularity for Building SPL Feature Models: a Model-Driven Approach },
        booktitle = { 28th ACM Symposium on Applied Computing, Requirements Engineering Track, ACM-SAC 2013 },
        publisher = { ACM },
        year = { 2013 },
        month = { 03 }
}

@inproceedings{ SantosGFNA13,
        author = { A. Santos and F. Gaia and E. Figueiredo and P. Neto and João Araújo },
        title = { Test-based SPL Extraction: An Exploratory Study },
        booktitle = { ACM SAC },
        publisher = { ACM Press },
        year = { 2013 },
        month = { 03 }
}

@inproceedings{ Roque2013_IESS,
        author = { M. Roque and Fernando Brito e Abreu },
        title = { A Survey of Tool Support for the Animation of IT Services Process Models Execution },
        booktitle = { Proceedings of the Third International Conference on Exploring Service Science (IESS’2013) },
        publisher = { Springer-Verlag },
        year = { 2013 },
        month = { 02 },
        note = { URL={http://paginas.fe.up.pt/~iess2013/} }
}

@inproceedings{ LCJCS:POPL13,
        author = { Luis Caires and João Costa Seco },
        title = { The Type Discipline of Behavioral Separation },
        booktitle = { POPL 13 40th ACM SIGPLAN Symposium on Principles of Programming Languages },
        publisher = { ACM },
        year = { 2013 },
        month = { 01 }
}

@inproceedings{ WanderleyA13,
        author = { F. Wanderley and João Araújo },
        title = { Generating goal-oriented models from creative requirements using model driven engineering },
        booktitle = { International Workshop on Model-Driven Requirements Engineering (MoDRE), 2013 },
        publisher = { IEEE Computer Society },
        year = { 2013 },
        pages = { 1-9 }
}

@inproceedings{ JB-SAC13,
        author = { Jorge Barreiros and Ana Moreira },
        title = { Configuration support for feature models with soft constraints },
        booktitle = { In Proceedings of the 28th Annual ACM Symposium on Applied Computing (SAC '13) },
        publisher = { ACM },
        year = { 2013 },
        pages = { 1307-1308 }
}

@inproceedings{ GrueauSAC2013,
        author = { Cédric Grueau and João Araújo },
        title = { Towards A Domain Specific Modelling Language For Agent-Based Models In Land Use Science },
        booktitle = { Proceedings of the 28th Symposium On Applied Computing SAC 2013 },
        publisher = { ACM },
        year = { 2013 }
}

@inproceedings{ TypesAdaptation13,
        author = { M. Bravetti and M. Carbone and T. Hildebrandt and I. Lanese and J. Mauro and Jorge A. Pérez and G. Zavattaro },
        title = { Towards Global and Local Types for Adaptation },
        booktitle = { Software Engineering and Formal Methods - {SEFM} 2013 Collocated Workshops },
        publisher = { Springer },
        year = { 2013 },
        pages = { 3-14 }
}

@inproceedings{ Silva2012_ICSEA,
        author = { Luís Alexandre Ferreira da Silva and Fernando Brito e Abreu and V. Moreira },
        title = { Improving IT Infrastructures Representation: A UML Profile },
        booktitle = { Proceedings of the Seventh International Conference on Software Engineering Advances (ICSEA’2012) },
        publisher = { IARIA },
        year = { 2012 },
        month = { 11 },
        pages = { 459-464 },
        note = { URL={http://www.thinkmind.org/index.php?view=article&articleid=icsea_2012_16_20_10485} }
}

@inproceedings{ rpg2012,
        author = { E. Marques and Valter Balegas and Bruno Barroca and Vasco Amaral and Ankica Barisic },
        title = { The RPG DSL: a case study of language engineering using MDD for Generating RPG Games for Mobile Phones },
        booktitle = { Proceedings of the 12th Workshop on Domain-Specific Modeling at OOPSLA/SPLASH },
        publisher = { ACM Electronic Library },
        year = { 2012 },
        month = { 10 },
        note = { URL={http://www.dsmforum.org/events/DSM12/Papers/Margues.pdf} }
}

@inproceedings{ Correia2012_CENTERIS,
        author = { Anacleto Correia and Fernando Brito e Abreu },
        title = { Adding preciseness to BPMN Models },
        booktitle = { Proceedings of the 4th Conference on ENTERprise Information Systems (CENTERIS’2012) },
        publisher = { Elsevier },
        year = { 2012 },
        month = { 10 },
        pages = { 407-417 },
        note = { URL={http://dx.doi.org/10.1016/j.protcy.2012.09.045} }
}

@inproceedings{ BDGPZ-ISoLA,
        author = { M. Bravetti and C. D. Giusto and Jorge A. Pérez and G. Zavattaro },
        title = { Towards the Verification of Adaptable Processes },
        booktitle = { Proceedings of ISoLA'12: 5th International Symposium On Leveraging Applications of Formal Methods, Verification and Validation },
        publisher = { Springer-Verlag },
        year = { 2012 },
        month = { 10 },
        note = { URL={http://www.cs.uni-potsdam.de/isola/isola2012/} }
}

@inproceedings{ Barisic2012PLoP,
        author = { Ankica Barisic and P. C. Monteiro and Vasco Amaral and Miguel Goulão and Miguel Pessoa Monteiro },
        title = { Patterns for Evaluating Usability of Domain-Specific Languages },
        booktitle = { Pattern Languages of Programs Conference 2012 },
        publisher = { ACM },
        year = { 2012 },
        month = { 10 },
        note = { URL={http://www.dropbox.com/s/i9v6i6tzicqz1vl/barisic_PatternsForEvaluatingUsabilityOfDSLs.pdf} }
}

@inproceedings{ vabbpc2k12,
        author = "Vasco Amaral and Bruno Barroca and P. Carreira",
        title = { Towards a robust solution in Building Automation Systems: supporting rapid prototyping and analysis },
        booktitle = { 8th International Conference on the Quality of Information and Communications Technology },
        publisher = { IEEE },
        year = { 2012 },
        month = { 09 }
}

@inproceedings{ SousaInforum12,
        author = { D. Sousa and J. C. Martins and João Costa Seco },
        title = { Paralelização de C\'odigo Puro numa Linguagem Imperativa },
        booktitle = { INForum 2012 - Actas do 4º Simp\'osio de Informática },
        publisher = { Universidade Nova de Lisboa },
        year = { 2012 },
        month = { 09 }
}

@inproceedings{ Barisic2012SEDES,
        author = { Ankica Barisic and Vasco Amaral and Miguel Goulão },
        title = { Usability Evaluation of Domain-Specific Languages },
        booktitle = { 8th International Conference on the Quality of Information and Communications Technology (QUATIC 2012) },
        publisher = { IEEE Computer Society },
        year = { 2012 },
        month = { 09 },
        series = { SEDES },
        pages = { 342-347 },
        note = { URL={http://ctp.di.fct.unl.pt/QUASAR/Resources/Papers/2012/Barisic2012SEDES.pdf} }
}

@inproceedings{ Araujo2012QUATIC,
        author = { R. Monteiro and João Araújo and Vasco Amaral and Miguel Goulão and P. M. B. Patrício },
        title = { Model-Driven Development for Requirements Engineering: The Case of Goal-Oriented Approaches },
        booktitle = { 8th International Conference on the Quality of Information and Communications Technology (QUATIC 2012) },
        publisher = { IEEE Computer Society },
        editor = "João Pascoal Faria, Alberto Silva, Ricardo Machado",
        year = { 2012 },
        month = { 09 },
        series = { Quality of Information and Communications Technology },
        number = { 8 },
        pages = { 75-84 },
        note = { URL={http://ctp.di.fct.unl.pt/QUASAR/Resources/Papers/2012/monteiro2012QUATIC.pdf} }
}

@inproceedings{ CSL12,
        author = { H. DeYoung and Luis Caires and F. Pfenning and Bernardo Toninho },
        title = { Cut Reduction in Linear Logic as Asynchronous Session-Typed Communication },
        booktitle = { Computer Science Logic, 21st Annual Conference of the EACSL, CSL 2012 },
        publisher = { Schloss Dagstuhl - Leibniz-Zentrum fuer Informatik },
        year = { 2012 },
        month = { 09 },
        series = { Leibniz International Proceedings in Informatics },
        number = { 12 }
}

@inproceedings{ SDACDAFI_inforum12,
        author = { Luísa Lourenço and Luis Caires },
        title = { Segurança de Dados em Aplicações Centradas em Dados por Análise de Fluxo de Informação },
        booktitle = { INForum 2012 - Simp\'osio de Informática },
        publisher = { Faculdade de Ciências e Tecnologia, Universidade Nova de Lisboa },
        year = { 2012 },
        month = { 09 }
}

@inproceedings{ TGC12,
        author = { P. Baltazar and Luis Caires and Vasco T. Vasconcelos and Hugo Torres Vieira },
        title = { A Type System for Flexible Role Assignment in Multiparty Communicating Systems },
        booktitle = { Proceedings of the 8th Symposium on Trustworthy Global Computing, TGC'12 },
        publisher = { Springer-Verlag },
        year = { 2012 },
        month = { 09 }
}

@inproceedings{ ecoop12-dias,
        author = { Ricardo Dias and D. Distefano and João Costa Seco and João Lourenço },
        title = { Verification of Snapshot Isolation in Transactional Memory Java Programs },
        booktitle = { Proceedings of the 26th European conference on Object-oriented programming },
        publisher = { Springer-Verlag },
        year = { 2012 },
        month = { 06 },
        series = { ECOOP'12 },
        number = { 7313 },
        pages = { 640-664 }
}

@inproceedings{ coord12,
        author = { R. Bruni and Carla Ferreira and A. K. Kauer },
        title = { First-Order Dynamic Logic for Compensable Processes },
        booktitle = { International Conference on Coordination Models and Languages },
        publisher = { Springer-Verlag },
        year = { 2012 },
        month = { 06 },
        series = { LNCS }
}

@inproceedings{ linear-logrelations-esop12,
        author = { Jorge A. Pérez and Luis Caires and F. Pfenning and Bernardo Toninho },
        title = { Linear Logical Relations for Session-Based Concurrency },
        booktitle = { Programming Languages and Systems, 21st European Symposium on Programming, ESOP 2012 },
        publisher = { Springer-Verlag },
        editor = { Helmut Seidel },
        year = { 2012 },
        month = { 04 }
}

@inproceedings{ fossacs12,
        author = { Bernardo Toninho and Luis Caires and F. Pfenning },
        title = { Functions as Session-Typed Processes },
        booktitle = { 15th International Conference on Foundations of Software Science and Computation Structures (FoSSaCS) },
        publisher = { Elsevier },
        year = { 2012 },
        month = { 04 }
}

@inproceedings{ cairestacas12,
        author = { Luis Caires and Hugo Torres Vieira },
        title = { SLMC: A Tool for Model Checking Concurrent Systems against Dynamical Spatial Logic Specifications },
        booktitle = { Tools and Algorithms for the Construction and Analysis of Systems, 18th International Conference, TACAS 2012 },
        publisher = { Springer-Verlag },
        editor = { Cormac Flanagan and Barbara König },
        year = { 2012 },
        month = { 04 },
        series = { Lecture Notes in Computer Science }
}

@inproceedings{ Goulao2012CSMR,
        author = { Miguel Goulão and N. B. Fonte and M. Wermelinger and Fernando Brito e Abreu },
        title = { Software Evolution Prediction Using Seasonal Time Analysis: a Comparative Study },
        booktitle = { Proceedings of the 16th European Conference on Software Maintenance and Reengineering (CSMR 2012) },
        publisher = { IEEE Computer Society },
        editor = { Rudolf Ferenc, Tom Mens, Anthony Cleve },
        year = { 2012 },
        month = { 03 },
        pages = { 213-222 },
        note = { URL={http://dx.doi.org/10.1109/CSMR.2012.30} }
}

@inproceedings{ facs10-conversation,
        author = { Luis Caires and Hugo Torres Vieira },
        title = { Analysis of Service Oriented Software Systems with the Conversation Calculus },
        booktitle = { Formal Aspects of Component Software, FACS 2010, Revised Selected Papers },
        publisher = { Springer-Verlag },
        editor = { Luis Barbosa and Markus Lumpe },
        year = { 2012 },
        month = { 01 },
        series = { Lecture Notes in Computer Science },
        number = { 6921 },
        note = { URL={http://www.springer.com/computer/swe/book/978-3-642-27268-4?changeHeader} }
}

@inproceedings{ tldi12ctp,
        author = { Luis Caires and Bernardo Toninho and F. Pfenning },
        title = { Towards concurrent type theory },
        booktitle = { Proceedings of the 8th ACM SIGPLAN workshop on Types in language design and implementation (TLDI'12) },
        publisher = { ACM },
        editor = { Benjamin C. Pierce },
        year = { 2012 },
        month = { 01 },
        pages = { 1-12 },
        note = { URL={http://dl.acm.org/citation.cfm?id=2103788} }
}

@inproceedings{ approach2012,
        author = { Carmen Morgado and Fernanda Barbosa },
        title = { A Structured Approach to Problem Solving in CS1 },
        booktitle = { 17th Annual Conference on Innovation and Technology in Computer Science Education (ITICSE) },
        publisher = { ACM },
        year = { 2012 },
        pages = { 399-399 }
}

@inproceedings{ Pres2012,
        author = { Carmen Morgado and Fernanda Barbosa },
        title = { Presentation Problem in CS1 courses },
        booktitle = { 17th Annual Conference on Innovation and Technology in Computer Science Education (ITICSE) },
        publisher = { ACM },
        year = { 2012 },
        pages = { 399-399 }
}

@inproceedings{ quiz2012,
        author = { B. Sampaio and Carmen Morgado and Fernanda Barbosa },
        title = { Collaborative Quiz Game developed with EPIK },
        booktitle = { conference on Cognition and Exploratory Learning in Digital Age (CELDA) },
        publisher = { IADIS Press },
        year = { 2012 },
        pages = { 308-311 }
}

@inproceedings{ apm-lm-mr-wadt2010,
        author = { Ana Paula Maldonado and Luis Monteiro and M. Roggenbach },
        title = { Towards Bi-Algebraic Semantics for the Linear Time – Branching Time Spectrum },
        booktitle = { Recent Trends in Algebraic Development Techniques },
        publisher = { Springer-Verlag },
        editor = { Hans-Jörg Kreowski and Till Mossakowski },
        year = { 2012 },
        series = { Lecture Notes in Computer Science },
        number = { 7137 },
        pages = { 209-225 }
}

@inproceedings{ SilvaARUMGR12,
        author = { S. M. Silva and João Araújo and Armanda Rodrigues and M. Urbieta and Ana Moreira and S. Gordillo and G. Rossi },
        title = { Reuse of spatial concerns based on aspectual requirements analysis patterns },
        booktitle = { RCIS },
        publisher = { IEEE Computer Society },
        year = { 2012 },
        pages = { 1-6 }
}

@inproceedings{ WanderleySAL12,
        author = { F. Wanderley and D. Silveira and João Araújo and M. Lencastre },
        title = { Generating feature model from creative requirements using model driven design. },
        booktitle = { Workshop REPOS, SPLC },
        publisher = { ACM Press },
        year = { 2012 },
        pages = { 18-25 }
}

@inproceedings{ HerreraBSPVGAB12,
        author = { J. Herrera and I. Bertran and R. pinho and R. Vargas and A. Garcia and João Araújo and K. Breitman },
        title = { Revealing Crosscutting Concerns in Textual Requirements Documents: An Exploratory Study with Industry Systems },
        booktitle = { SBES },
        publisher = { IEEE Computer Society },
        year = { 2012 },
        pages = { 111-120 }
}

@inproceedings{ PauloISGT11,
        author = { P. Carreira and Vasco Amaral and Bruno Barroca },
        title = { The case for a Systematic Development of Building Automation Systems },
        booktitle = { Conference Proceedings IEEE-PES ISGT Innovative Smart Grid Technoologies, Europe 2011, },
        publisher = { IEEE },
        year = { 2011 },
        month = { 12 },
        note = { URL={http://www.ieee-isgt-2011.eu/} }
}

@inproceedings{ pauloIEEEEPQU2011,
        author = { P. Carreira and Vasco Amaral and Bruno Barroca },
        title = { A Hierarchical Approach for Connecting Smart Buildings to Smart Grids },
        booktitle = { Conference Proceedings IEEE-EPQU2011 },
        publisher = { IEEE },
        year = { 2011 },
        month = { 11 }
}

@inproceedings{ Correia2011_CAPSI,
        author = { Anacleto Correia and Fernando Brito e Abreu and Vasco Amaral },
        title = { SLAME: A Service Level Agreements Method for Elicitation },
        booktitle = { Proceedings of the 11ª Conferência da Associação Portuguesa de Sistemas de Informação (CAPSI'2011) },
        publisher = { Associação Portuguesa de Sistemas de Informação },
        editor = { Henrique O\'Neil },
        year = { 2011 },
        month = { 10 },
        note = { URL={http://ctp.di.fct.unl.pt/QUASAR/Resources/Papers/2011/Correia_et_al_CAPSI2011.pdf} }
}

@inproceedings{ Abreu2011_WAMPS,
        author = { Fernando Brito e Abreu },
        title = { The cloud paradigm: Are you tuned for the lyrics? },
        booktitle = { Proceedings of the VII Workshop Anual do MPS.BR (WAMPS’2011) },
        publisher = { SOFTEX },
        year = { 2011 },
        month = { 10 },
        pages = { 20-25 },
        note = { URL={http://arxiv.org/abs/1203.0964} }
}

@inproceedings{ CostaGomesRussoLopesEPIA2011,
        author = { Jorge Costa and Luís Gomes and Gabriel Pereira Lopes and Luís Russo },
        title = { Managing and Querying a Bilingual Lexicon with Suffix Trees },
        booktitle = { Poceedings of the 15th Portuguese Conference in Arificial Intelligence, EPIA 2011, Lisbon, October, 2011, Proceedings },
        publisher = { Instituto Superior Técnico },
        editor = { Luis Antunes, H. Sofia Pinto, Rui Prada, and Paulo Trigo },
        year = { 2011 },
        month = { 10 },
        series = { ISBN: 978-989-95618-4-7 },
        pages = { 675-689 }
}

@inproceedings{ Silva2011_CAPSI,
        author = { Luís Alexandre Ferreira da Silva and Fernando Brito e Abreu },
        title = { Moving to the Cloud: Estimating the Internet Connection Bandwidth },
        booktitle = { Proceedings of the 11ª Conferência da Associação Portuguesa de Sistemas de Informação (CAPSI'2011) },
        publisher = { Associação Portuguesa de Sistemas de Informação },
        editor = { Henrique O\'Neil },
        year = { 2011 },
        month = { 10 },
        note = { URL={http://ctp.di.fct.unl.pt/QUASAR/Resources/Papers/2011/Silva_Abreu_CAPSI2011.pdf} }
}

@inproceedings{ akki2,
        author = { Ankica Barisic and Vasco Amaral and Miguel Goul\~ao and Bruno Barroca },
        title = { Quality in Use of Domain Specific Languages: a Case Study },
        booktitle = { Proceedings of the PLATEAU 2011 Workshop on Evaluation and Usability of Programming Languages and Tools - SPLASH 2011 },
        publisher = { ACM },
        year = { 2011 },
        month = { 10 },
        note = { URL={http://ecs.victoria.ac.nz/twiki/pub/Events/PLATEAU/Program/plateau2011-barisic.pdf} }
}

@inproceedings{ bfbtrans,
        author = { Bruno Barroca and Vasco Amaral },
        title = { Asserting the Correctness of Translations },
        booktitle = { Proceedings of the 6th Workshop on Multi-paradigm Modeling - MODELS 2011 },
        publisher = { EASST },
        year = { 2011 },
        month = { 10 }
}

@inproceedings{ Correia2011_INForum,
        author = { Anacleto Correia and Fernando Brito e Abreu and Vasco Amaral },
        title = { SLALOM: a Language for SLA Specification and Monitoring },
        booktitle = { Proceedings of INFORUM 2011 },
        publisher = { INFORUM },
        editor = { Luís Caires, Raul Barbosa },
        year = { 2011 },
        month = { 09 },
        pages = { 556-567 },
        note = { URL={http://ctp.di.fct.unl.pt/QUASAR/Resources/Papers/2011/Correia_et_al_INFORUM2011.pdf} }
}

@inproceedings{ Pessoa2011_INForum,
        author = { T. S. Pessoa and Fernando Brito e Abreu and Miguel Pessoa Monteiro and Sérgio Bryton },
        title = { An Eclipse Plugin to Support Code Smells Detection },
        booktitle = { Proceedings of INFORUM 2011 },
        publisher = { INFORUM },
        editor = { Luís Caires, Raul Barbosa },
        year = { 2011 },
        month = { 09 },
        note = { URL={http://ctp.di.fct.unl.pt/QUASAR/Resources/Papers/2011/Pessoa_et_al_INFORUM2011.pdf} }
}

@inproceedings{ costa2011mapping,
        author = { Jorge Costa and A. T. Freitas and Luís Russo },
        title = { Exploring Efficient Data Structures and Algorithms for Mapping RNA-Seq Reads },
        booktitle = { Proceedings of InForum 2011 },
        publisher = { Universidade de Coimbra },
        year = { 2011 },
        month = { 09 }
}

@inproceedings{ akki3,
        author = { Ankica Barisic and Vasco Amaral and Miguel Goulão and Bruno Barroca },
        title = { Quality in Use of DSLs: Current Evaluation Methods },
        booktitle = { Proceedings of the INFORUM 2011 - Simp\'osio de Informática },
        publisher = { Universidade de Coimbra },
        year = { 2011 },
        month = { 09 },
        note = { URL={http://ctp.di.fct.unl.pt/QUASAR/Resources/Papers/2011/Barisic2011INFORUM.pdf} }
}

@inproceedings{ CLDCP_inforum11,
        author = { Luísa Lourenço },
        title = { A Core Language for Data-centric Processes },
        booktitle = { INForum 2011 - Simp\'osio de Informática },
        publisher = { Universidade de Coimbra },
        year = { 2011 },
        month = { 09 }
}

@inproceedings{ Espada2011EmpiRE,
        author = "P. Espada and Miguel Goulão and João Araújo",
        title = { Measuring complexity and completeness of KAOS goal models },
        booktitle = { Proceedings of the International Workshop on Empirical Requirements Engineering (EmpiRE 2011), at the 19th International Requirements Engineering Conference (RE 2011) },
        publisher = { IEEE Computer Society },
        year = { 2011 },
        month = { 08 },
        pages = { 29-32 },
        note = { URL={http://dx.doi.org/10.1109/EmpiRE.2011.6046252} }
}

@inproceedings{ Goulao2011MoDRE,
        author = { Miguel Goulão and Ana Moreira and João Araújo and J. Santos },
        title = { Streamlining scenario modeling with Model-Driven Development: A case study },
        booktitle = { Proceedings of the Model-Driven Requirements Engineering Workshop (MoDRE 2011), at the 19th International Requirements Engineering Conference (RE 2011) },
        publisher = { IEEE Computer Society },
        year = { 2011 },
        month = { 08 },
        pages = { 55-63 },
        note = { URL={http://dx.doi.org/10.1109/MoDRE.2011.6045367} }
}

@inproceedings{ dstypes_ppdp11,
        author = { Bernardo Toninho and Luis Caires and F. Pfenning },
        title = { Dependent Session Types via Intuitionistic Linear Type Theory },
        booktitle = { 13th International ACM SIGPLAN Symposium on Principles and Practice of Declarative Programming (PPDP'11) },
        publisher = { ACM Press },
        year = { 2011 },
        month = { 07 }
}

@inproceedings{ compsac11vaja,
        author = { Vasco Amaral and João Araújo },
        title = { Towards a Unified Goal-Oriented Language },
        booktitle = { IEEE COMPSAC 2011 proceedings },
        publisher = { IEEE Computer Society },
        year = { 2011 },
        month = { 07 },
        note = { URL={http://compsac.cs.iastate.edu/} }
}

@inproceedings{ Moura.Dias-LFlat-Jul11,
        author = { P. Moura and Artur Miguel Dias },
        title = { L-FLAT: Logtalk Toolkit for Formal Languages and Automata Theory },
        booktitle = { Proceedings of the 11th Colloquium on Implementation of Constraint LOgic Programming Systems },
        publisher = { arXiv },
        editor = { Salvador Abreu and Vitor Santos Costa },
        year = { 2011 },
        month = { 07 },
        note = { URL={http://arxiv.org/abs/1112.3783} }
}

@inproceedings{ BDPZ-AdaptableFORTE2011,
        author = { M. Bravetti and C. D. Giusto and Jorge A. Pérez and G. Zavattaro },
        title = { Adaptable Processes (Extended Abstract) },
        booktitle = { Formal Techniques for Distributed Systems - Joint 13th IFIP WG 6.1 International Conference, FMOODS 2011 and 31st IFIP WG 6.1 International Conference, FORTE 2011 },
        publisher = { Springer-Verlag },
        year = { 2011 },
        month = { 06 },
        note = { URL={http://discotec.ru.is/fmoodsforte/main} }
}

@inproceedings{ DBLP:conf/ecmdafa/AlferezACFKKKMMRZ11,
        author = { Mauricio Alférez and N. Amálio and S. Ciraci and F. Fleurey and J. Kienzle and J. Klein and M. E. Kramer and S. Mosser and G. Mussbacher and E. E. Roubtsova and G. Zhang },
        title = { Aspect-Oriented Model Development at Different Levels of Abstraction },
        booktitle = { 7th European Conference on Modelling Foundations and Applications - ECMFA 2011, Birmingham, UK },
        publisher = { Springer-Verlag },
        year = { 2011 },
        month = { 06 },
        pages = { 361-376 },
        note = { URL={http://http://www.springerlink.com/content/w4486n466qv48221/} }
}

@inproceedings{ dinisMamede2011,
        author = { J. C. B. Dinis and Margarida Mamede },
        title = { Updates on Voronoi Diagrams },
        booktitle = { Voronoi Diagrams in Science and Engineering (ISVD), 2011 Eighth International Symposium },
        publisher = { IEEE },
        year = { 2011 },
        month = { 06 },
        pages = { 192-199 },
        note = { URL={http://doi.ieeecomputersociety.org/10.1109/ISVD.2011.33} }
}

@inproceedings{ data_access_control-esop11,
        author = { Luis Caires and Jorge A. Pérez and João Costa Seco and Hugo Torres Vieira and L. Ferrão },
        title = { Type-based Access Control in Data-Centric Systems },
        booktitle = { Programming Languages and Systems, 20th European Symposium on Programming, ESOP 2011 },
        publisher = { Springer-Verlag },
        editor = { Gilles Barthe },
        year = { 2011 },
        month = { 04 },
        series = { Lecture Notes in Computer Science },
        number = { 6602 }
}

@inproceedings{ BDPZ-FACS10,
        author = { M. Bravetti and C. D. Giusto and Jorge A. Pérez and G. Zavattaro },
        title = { Steps on the Road to Component Evolvability },
        booktitle = { Post-proceedings of FACS'10: 7th International Workshop on Formal Aspects of Component Software },
        publisher = { Springer-Verlag },
        year = { 2011 },
        month = { 04 }
}

@inproceedings{ AfonsoBarbosaRodrigues2011a,
        author = { Fábio Afonso and Fernanda Barbosa and Armanda Rodrigues },
        title = { Trajectory Data Similarity with Metric Data Structures },
        booktitle = { Proceedings of 19th annual GIS Research UK Conference },
        publisher = { GISRUK conference series },
        year = { 2011 },
        month = { 04 }
}

@inproceedings{ costa2011a,
        author = { Jorge Costa and Luís Gomes and Gabriel Pereira Lopes and Luís Russo },
        title = { Representing a Bilingual Lexicon with Suffix Trees },
        booktitle = { Proceedings of 26th Symposium On Applied Computing (SAC2011) },
        publisher = { ACM Electronic Library },
        year = { 2011 },
        month = { 03 }
}

@inproceedings{ VarelaAraujoACMSAC2011,
        author = { P. Varela and João Araújo and Isabel Sofia Brito and Ana Moreira },
        title = { Aspect-Oriented Analysis for Software Product Lines Requirements Engineering },
        booktitle = { 26th Symposium On Applied Computing, ACM SAC 2011 },
        publisher = { ACM Press },
        year = { 2011 },
        month = { 03 },
        pages = { 654-671 }
}

@inproceedings{ ramosetalSugarLoaf2010,
        author = { R. Ramos and J. F. B. Castro and João Araújo and F. Alencar },
        title = { A Use Case Package Refactoring: Dealing with the Large, Scattering or Tangling Use Case Model Problems },
        booktitle = { VIII Latin American Conference on Pattern Languages of Programming - SugarLoafPlop },
        publisher = { Springer-Verlag },
        year = { 2011 }
}

@inproceedings{ LourencoInforum2011,
        author = { Luís Miguel Lourenço and João Costa Seco },
        title = { Linguagem Intermédia Tipificada para Máquina de Pilha Concorrente com Objectos. },
        booktitle = { INForum 2011 - Actas do 3º Simp\'osio de Informática },
        publisher = { Universidade de Coimbra },
        year = { 2011 }
}

@inproceedings{ ICSR2011-Alferez-et-al,
        author = { Mauricio Alférez and R. E. Lopez-Herrejon and Ana Moreira and Vasco Amaral and A. Egyed },
        title = { Supporting Consistency Checking between Features and Software Product Line Use Scenarios },
        booktitle = { Proceedings of the 12th International Conference on Software Reuse (ICSR 2011), Pohang, Korea },
        publisher = { Springer-Verlag },
        year = { 2011 },
        note = { URL={http://link.springer.com/chapter/10.1007%2F978-3-642-21347-2_3} }
}

@inproceedings{ cpl_imla11,
        author = { R. J. Simmons and Bernardo Toninho },
        title = { Constructive Provability Logic },
        booktitle = { Intuitionistic Modal Logics and Applications Workshop (IMLA'11) },
        publisher = { Elsevier },
        year = { 2011 }
}

@inproceedings{ elton11,
        author = { R. J. Simmons and Bernardo Toninho and F. Pfenning },
        title = { Distributed deductive databases, declaratively },
        booktitle = { The ACM SIGPLAN 2011 X10 Workshop (X10'11) },
        publisher = { ACM Press },
        year = { 2011 }
}

@inproceedings{ CarreiraEPQU2011,
        author = { Vasco Amaral and P. Carreira },
        title = { SmartLink: A hierarchical approach for connecting smart buildings to smart grids },
        booktitle = { Proceeding of the International Conference on Electrical Power Quality and Utilisation },
        publisher = { IEEE },
        year = { 2011 },
        pages = { 642-647 }
}

@inproceedings{ vieirainforum11,
        author = { P. Baltazar and Vasco T. Vasconcelos and Hugo Torres Vieira },
        title = { Typing Dynamic Roles in Multiparty Interaction },
        booktitle = { Proceedings of InForum 2011 },
        publisher = { Universidade de Coimbra },
        year = { 2011 }
}

@inproceedings{ ICSEA11,
        author = { Jorge Barreiros and Ana Moreira },
        title = { Soft Constraints in Feature Models },
        booktitle = { Proceedings of the 6th International Conference on Software Engineering Advances },
        publisher = { IEEE Computer Society },
        year = { 2011 },
        series = { ICSEA },
        pages = { 136-141 }
}

@inproceedings{ LeandroPitaMonteiro2011,
        author = { C. Leandro and H. Pita and Luis Monteiro },
        title = { Symbolic Knowledge Extraction from Trained Neural Networks Governed by Lukasiewicz Logic },
        booktitle = { Computational Intelligence, Revised and Selected Papers of IJCCI 2009 },
        publisher = { Springer-Verlag },
        editor = { K. Madani and A. D. Correia and A. Rosa and J. Filipe },
        year = { 2011 },
        series = { Studies in Computational Intelligence },
        number = { 343 },
        pages = { 45-58 }
}

@inproceedings{ RamosCAA11,
        author = { R. Ramos and J. F. B. Castro and Jo\~ao Araújo and F. Alencar },
        title = { Towards the improvement of use case models: the AIRDoc process },
        booktitle = { ACM SAC },
        publisher = { ACM Press },
        year = { 2011 },
        pages = { 708-709 }
}

@inproceedings{ CMA-MODELS11,
        author = { G. Mussbacher and B. Cheng and G. George and R. France and J. Kienzle and Ana Moreira },
        title = { Comparing Six Modeling Approaches },
        booktitle = { MoDELS Workshops 2011 },
        publisher = { Springer Berlin Heidelberg },
        year = { 2011 }
}

@inproceedings{ monteiroAraujoAmaralRE2010,
        author = { R. Monteiro and João Araújo and Vasco Amaral and P. M. B. Patrício },
        title = { MDGore: Towards Model-Driven and Goal-Oriented Requirements Engineering },
        booktitle = { 16th IEEE International Requirements Engineering Conference (RE 2010), },
        publisher = { IEEE Computer Society },
        year = { 2010 },
        month = { 10 }
}

@inproceedings{ MatteoDSM10,
        author = { L. V. Pedro and M. Risoldi and D. Buchs and Vasco Amaral },
        title = { Developing Domain Specific Modeling Languages by Metamodel Semantic Enrichment and Composition: a Case Study },
        booktitle = { Proceedings of the 10th Workshop on Domain-Specific Modeling (DSM’10), SPLASH/OOPSLA sattelite event },
        publisher = { Aalto University School of Economics },
        editor = { Rossi, M., Tolvanen, J.-P., Sprinkle, J., Kelly, S. },
        year = { 2010 },
        month = { 10 },
        note = { URL={http://www.dsmforum.org/events/DSM10/} }
}

@inproceedings{ Barroca,
        author = { L. S. Lúcio and Bruno Barroca and Vasco Amaral },
        title = { A Technique for Automatic Validation of Model Transformations },
        booktitle = { ACM/IEEE MoDELS 2010 },
        publisher = { Springer-Verlag },
        year = { 2010 },
        month = { 10 },
        note = { URL={http://http://models2010.ifi.uio.no/} }
}

@inproceedings{ Silva_quatic2010_1,
        author = { Luís Alexandre Ferreira da Silva and Fernando Brito e Abreu },
        title = { An IT Infrastructure Patterns Approach To Improve IT Service Management Quality },
        booktitle = { Proceedings of the 7th International Conference on the Quality of Information and Communications Technology },
        publisher = { IEEE Computer Society },
        year = { 2010 },
        month = { 09 },
        pages = { 171-176 },
        note = { URL={http://dx.doi.org/10.1109/QUATIC.2010.34} }
}

@inproceedings{ Silva_quatic2010_2,
        author = { Luís Alexandre Ferreira da Silva and Fernando Brito e Abreu },
        title = { Reengineering IT Infrastructures:A Method for Topology Discovery },
        booktitle = { Proceedings of the 7th International Conference on the Quality of Information and Communications Technology },
        publisher = { IEEE Computer Society },
        year = { 2010 },
        month = { 09 },
        pages = { 331-336 },
        note = { URL={http://dx.doi.org/10.1109/QUATIC.2010.62} }
}

@inproceedings{ reisAraujoSilvaJISBD2010,
        author = { C. R. Oliveira and João Araújo and C. Silva },
        title = { Integração de KAOS com Cenários Aspectuais },
        booktitle = { XV Jornadas de Ingeniería de Software y Bases de Datos (JISBD 2010) },
        publisher = { JISBD },
        year = { 2010 },
        month = { 09 }
}

@inproceedings{ sarmentoMamede2010,
        author = { L. Sarmento and Margarida Mamede },
        title = { Uma Estrutura de Dados Métrica Genérica, Dinâmica, em Mem\'oria Secundária },
        booktitle = { Proceedings of INFORUM 2010 },
        publisher = { Universidade do Minho },
        year = { 2010 },
        month = { 09 },
        note = { URL={http://inforum.org.pt/INForum2010/actas-proceedings} }
}

@inproceedings{ QualityScenariosWithMDD,
        author = { João Santos and Ana Moreira and João Araújo and Miguel Goulão },
        title = { Increasing Quality in Scenario Modelling with Model-Driven Development },
        booktitle = { International Conference on the Quality of Information and Communications Technology (QUATIC) 2010 },
        publisher = { IEEE },
        year = { 2010 },
        month = { 09 },
        pages = { 204-209 },
        note = { URL={http://ctp.di.fct.unl.pt/QUASAR/Resources/Papers/2010/Santos_et_al_QUATIC2010.pdf} }
}

@inproceedings{ cairespfenning2010,
        author = { Luis Caires and F. Pfenning },
        title = { Session Types as Intuitionistic Linear Propositions },
        booktitle = { Proceedings of the 21th International Conference on Concurrency Theory (Concur 2010) },
        publisher = { Springer-Verlag },
        year = { 2010 },
        month = { 09 },
        note = { URL={http://concur2010.inria.fr/accepted-papers} }
}

@inproceedings{ dias10_inforum,
        author = { Ricardo Dias and João Costa Seco and João Lourenço },
        title = { Snapshot Isolation Anomalies Detection in Software Transactional Memory },
        booktitle = { Proceedings of InForum 2010 },
        publisher = { Universidade do Minho },
        year = { 2010 },
        month = { 09 },
        note = "URL={http://inforum.org.pt/INForum2010}"
}

@inproceedings{ liveweb,
        author = { M. B. Domingues and João Costa Seco },
        title = { LiveWeb - Core Language for Web Applications },
        booktitle = { Proceedings of InForum 2010 },
        publisher = { Universidade do Minho },
        year = { 2010 },
        month = { 09 }
}

@inproceedings{ LHSSJ10,
        author = { Tiago Santos },
        title = { Lightweight Type-Like Hoare-Separation Specs for Java },
        booktitle = { Proceedings of InForum 2010 },
        publisher = { Universidade do Minho },
        year = { 2010 },
        month = { 09 },
        pages = { 43-54 },
        note = { URL={http://ctp.di.fct.unl.pt/~tsantos/docs/LHSSJ10.pdf} }
}

@inproceedings{ Silva2010_EuroPLoP,
        author = { Luís Alexandre Ferreira da Silva and Fernando Brito e Abreu },
        title = { Patterns for IT Infrastructure Design },
        booktitle = { Proceedings of the 15th European Conference on Pattern Languages of Programs (EuroPLoP’2010) },
        publisher = { Hillside Europe },
        year = { 2010 },
        month = { 07 },
        note = { URL={http://www.hillside.net/europlop/} }
}

@inproceedings{ webappprofiling,
        author = { H. M. Aguiar and João Costa Seco and L. Ferr\~ao },
        title = { Profiling of Real-World Web Applications },
        booktitle = { Proceedings of the International Workshop on Parallel and Distributed Systems: Testing, Analysis, and Debugging },
        publisher = { ACM Electronic Library },
        editor = { João Lourenço, Eitan Farchi, Shmuel Ur },
        year = { 2010 },
        month = { 07 },
        note = { URL={http://www.research.ibm.com/haifa/Workshops/padtad2010} }
}

@inproceedings{ dinisMamede2010,
        author = { J. C. B. Dinis and Margarida Mamede },
        title = { Sweeping the Sphere },
        booktitle = { Voronoi Diagrams in Science and Engineering (ISVD), 2010 International Symposium },
        publisher = { IEEE },
        year = { 2010 },
        month = { 06 },
        pages = { 151-160 },
        note = { URL={http://doi.ieeecomputersociety.org/10.1109/ISVD.2010.32} }
}

@inproceedings{ MonMon10,
        author = { P. C. Monteiro and Miguel Pessoa Monteiro },
        title = { A Pattern Language for Parallelizing Irregular Algorithms },
        booktitle = { 2010 Workshop on Parallel Programming Patterns },
        publisher = { ACM Press },
        editor = { Ralph Johnson, Kurt Keutzer and Tim Mattson },
        year = { 2010 },
        month = { 04 },
        series = { Workshop on Parallel Programming Patterns },
        number = { 2 },
        pages = { 13-13 },
        note = { URL={http://http://dl.acm.org/citation.cfm?id=1953624} }
}

@inproceedings{ pimentaAraujoCibse2010,
        author = { M. C. Pimenta and João Araújo },
        title = { Viewpoint and Goals: Towards an Integrated Approach },
        booktitle = { XIII Congresso Ibero-americano em Software Engineering (CIbSE’10), },
        publisher = { CIbSE2010 },
        year = { 2010 },
        month = { 04 }
}

@inproceedings{ simaoAraujoCibse2010,
        author = { I. N. Simão and João Araújo },
        title = { Adaptação da Abordagem Theme para Linhas de Produtos de Software },
        booktitle = { XIII Congresso Ibero-americano em Software Engineering (CIbSE’10), },
        publisher = { CIbSE2010 },
        year = { 2010 },
        month = { 04 }
}

@inproceedings{ britoCibse2010,
        author = { Isabel Sofia Brito and Ana Moreira and José Magno Lopes and João Araújo },
        title = { A Metamodel for Aspect-Oriented Analysis Approach },
        booktitle = { XIII Congresso Ibero-americano em Software Engineering (CIbSE’10), },
        publisher = { CIbSE2010 },
        year = { 2010 },
        month = { 04 }
}

@inproceedings{ Gabriel2010CIBSE,
        author = { P. Gabriel and Miguel Goulão and Vasco Amaral },
        title = { Do Software Languages Engineers Evaluate their Languages? },
        booktitle = { XIII Congreso Iberoamericano en },
        publisher = { CIbSE2010 },
        editor = { Xavier Franch, Itana Gimenes, Juan Pablo Carvallo },
        year = { 2010 },
        month = { 04 },
        pages = { 149-162 },
        note = { URL={http://ctp.di.fct.unl.pt/~mgoul/CITI/QUASAR/Resources/Papers/2010/GabrielGoulaoAmaralCIbSE2010.pdf} }
}

@inproceedings{ GomMon10,
        author = { J. L. Gomes and Miguel Pessoa Monteiro },
        title = { Design Pattern Implementation in Object Teams },
        booktitle = { special track on Object Oriented Programming Languages and Systems (OOPS) },
        publisher = { ACM Press },
        year = { 2010 },
        month = { 03 },
        series = { 25th ACM Symposium on Applied Computing (SAC 2010) },
        pages = { 2119-2120 },
        note = { URL={http://http://doi.acm.org/10.1145/1774088.1774534} }
}

@inproceedings{ penimAraujoACMSAC2010,
        author = { A. S. C. Penim and João Araújo },
        title = { Identifying and Modeling Aspectual Scenarios with Theme and MATA },
        booktitle = { 25th Symposium On Applied Computing (ACM SAC 2010) },
        publisher = { ACM Press },
        year = { 2010 },
        month = { 03 }
}

@inproceedings{ alecaretalSAC2010,
        author = { F. Alencar and J. F. B. Castro and E. Santos and C. Silva and João Araújo and Ana Moreira },
        title = { Towards Modular i* Models },
        booktitle = { 25th Symposium On Applied Computing (ACM SAC 2010) },
        publisher = { ACM Press },
        year = { 2010 },
        month = { 03 }
}

@inproceedings{ VF_ESOP10,
        author = { I. Lanese and C. Vaz and Carla Ferreira },
        title = { On the expressive power of primitives for compensation handling },
        booktitle = { 19th European Symposium on Programming (ESOP 2010) },
        publisher = { Springer-Verlag },
        editor = { Springer },
        year = { 2010 },
        month = { 03 },
        series = { LNCS }
}

@inproceedings{ fs+pg_10,
        author = { F. Sustelo and Pedro Guerreiro },
        title = { Analyzing self-reflection by Computer Science students to identify bad study habits },
        booktitle = { IEEE 2010 EDUCON Conference },
        publisher = { IEEE },
        editor = { UPM - SERVICIO DE PUBLICACIONES - EUI - UPM },
        year = { 2010 },
        note = { URL={http://w3.ualg.pt/~pjguerreiro/me/docs/sustelo_guerreiro_EDUCON_2010.pdf} }
}

@inproceedings{ kg+pg_10,
        author = { K. Georgouli and Pedro Guerreiro },
        title = { Incorporating an Automatic Judge into Blended Learning Programming Activities },
        booktitle = { Advances in Web Based Learning ICWL 2010 },
        publisher = { Springer-Verlag },
        editor = { X. Luo et al. },
        year = { 2010 },
        series = { LNCS },
        number = { 6483 },
        pages = { 81-90 },
        note = { URL={http://w3.ualg.pt/~pjguerreiro/me/docs/georgouli_guerreiro_ICWL_2010.pdf} }
}

@inproceedings{ OliveiraAEtAl2010,
        author = { A. Oliveira and M. Urbieta and João Araújo and Armanda Rodrigues and Ana Moreira and S. Gordillo and G. Rossi },
        title = { Improving the Quality of Web-GIS Modularity Using Aspects },
        booktitle = { Proceedings of the 7th International Conference on the Quality of Information and Communications Technology (QUATIC 2010) },
        publisher = { QUATIC },
        year = { 2010 }
}

@inproceedings{ GR10:respChoice,
        author = { M. Gamboni and Ant\'onio Ravara },
        title = { Responsive Choice in Mobile Processes },
        booktitle = { Trustworthly Global Computing - 5th International Symposium (TGC'10) },
        publisher = { Springer-Verlag },
        editor = { Martin Wirsing, Martin Hofmann, and Axel Rauschmayer },
        year = { 2010 },
        series = { LNCS },
        number = { 6084 },
        pages = { 135-152 },
        note = { URL={http://ctp.di.fct.unl.pt/~aravara/pubs/confs/10-GR-rcmp.pdf} }
}

@inproceedings{ GVRGZ10:mstdoop,
        author = { S. Gay and Vasco T. Vasconcelos and Ant\'onio Ravara and N. Gesbert and Alexandre Zua Caldeira },
        title = { Modular session types for distributed object-oriented programming },
        booktitle = { Proceedings of the 37th ACM SIGPLAN-SIGACT Symposium on Principles of Programming Languages (POPL'10) },
        publisher = { ACM Press },
        editor = { Manuel V. Hermenegildo and Jens Palsberg },
        year = { 2010 },
        pages = { 299-312 },
        note = { URL={http://ctp.di.fct.unl.pt/~aravara/pubs/confs/10-Gay-et-al-modst.pdf} }
}

@inproceedings{ Correia2010_QUATIC,
        author = { Anacleto Correia and Fernando Brito e Abreu },
        title = { Defining and Observing the Compliance of Service Level Agreements: A Model Driven Approach },
        booktitle = { Proceedings of the 7th International Conference on the Quality of Information and Communications Technology },
        publisher = { IEEE Computer Society },
        year = { 2010 },
        pages = { 165-170 },
        note = { URL={http://dx.doi.org/10.1109/QUATIC.2010.32} }
}

@inproceedings{ Abreu2010_QUATIC,
        author = { Fernando Brito e Abreu and Raquel Bragança Porciúncula and Jorge Manuel da Silva C. P. Freitas and José Carlos Gonçalves Costa },
        title = { Definition and Validation of Complexity Metrics for ITSM Process Models },
        booktitle = { 7th International Conference on the Quality of Information and Communications Technology },
        publisher = { IEEE Computer Society },
        year = { 2010 },
        pages = { 79-88 },
        note = { URL={http://dx.doi.org/10.1109/QUATIC.2010.13} }
}

@inproceedings{ Bryton2010_QUATIC,
        author = { Sérgio Bryton and Fernando Brito e Abreu and Miguel Pessoa Monteiro },
        title = { Reducing Subjectivity in Code Smells Detection: Experimenting with the Long Method },
        booktitle = { 7th International Conference on the Quality of Information and Communications Technology },
        publisher = { IEEE Computer Society },
        year = { 2010 },
        pages = { 337-342 },
        note = { URL={http://dx.doi.org/10.1109/QUATIC.2010.60} }
}

@inproceedings{ Rio2010_QUATIC,
        author = { Américo Rio and Fernando Brito e Abreu },
        title = { Web Sites Quality: Does It Depend on the Application Domain? },
        booktitle = { 7th International Conference on the Quality of Information and Communications Technology },
        publisher = { IEEE Computer Society },
        year = { 2010 },
        pages = { 493-498 },
        note = { URL={http://dx.doi.org/10.1109/QUATIC.2010.86} }
}

@inproceedings{ Correia2010_AIMS,
        author = { Anacleto Correia and Fernando Brito e Abreu },
        title = { Model-Driven Service Level Management },
        booktitle = { Proceedings of the 4th International Conference on Autonomous Infrastructure, Management and Security (AIMS'2010) },
        publisher = { Springer-Verlag },
        year = { 2010 },
        series = { Lecture Notes in Computer Science },
        pages = { 85-88 },
        note = { URL={http://dx.doi.org/10.1007/978-3-642-13986-4_10} }
}

@inproceedings{ Abreu2010_QAOOSE,
        author = { Fernando Brito e Abreu and Sérgio Bryton },
        title = "An Empirical Study on Refactoring Objects to Aspects",
        booktitle = { Proceedings of the 13th Workshop on Quantitative Approaches in Object Oriented Software Engineering (QAOOSE'2010) at TOOLS’2010 },
        publisher = { Universidad de Málaga },
        year = { 2010 },
        note = { URL={http://ctp.di.fct.unl.pt/QUASAR/Resources/Papers/2010/Abreu_Bryton_QAOOSE2010.pdf} }
}

@inproceedings{ OliveiraAA10,
        author = { A. Oliveira and João Araújo and Vasco Amaral },
        title = { The Visual AORE DSL },
        booktitle = { Workshop on requirements Visualization - REV 2010 },
        publisher = { IEEE },
        year = { 2010 }
}

@inproceedings{ GuerreiroInforum10,
        author = { R. Guerreiro and A. Rosa and Vasco Amaral and Nuno Correia and Vasco Sousa },
        title = { UbiLang: Towards a Domain Specific Modeling Language for Specification of Ubiquitous Games },
        booktitle = { INForum - Simp\'osio de Informática 2010 },
        publisher = { Universidade do Minho },
        year = { 2010 }
}

@inproceedings{ selsp_secco10,
        author = { Bernardo Toninho and Luis Caires },
        title = { A Spatial-Epistemic Logic for Reasoning about Security Protocols },
        booktitle = { 8th International Workshop on Security Issues in Concurrency (SecCo'10) },
        publisher = { arXiv },
        year = { 2010 }
}

@inproceedings{ pedroDSM2010,
        author = { Vasco Amaral and D. Buchs and L. M. V. Pedro and M. Risoldi },
        title = { Developing domain-specific modeling languages by metamodel semantic enrichment and composition: A case study },
        booktitle = { Proceedings of the 10th Workshop on Domain-Specific Modeling, DSM'10 },
        publisher = { ACM },
        year = { 2010 }
}

@inproceedings{ wsfm2009,
        author = { C. Vaz and Carla Ferreira },
        title = { Towards Compensation Correctness in Interactive Systems },
        booktitle = { The 6th International Workshop on Web Services and Formal Methods },
        publisher = { Springer-Verlag },
        year = { 2010 },
        series = { LNCS }
}

@inproceedings{ Arspa2010,
        author = { Mário Pires and Luis Caires },
        title = { A Type System for Access Control Views in Object-Oriented Languages },
        booktitle = { Proceedings of the Foundations and Applications of Security Analysis, Joint Workshop on Automated Reasoning for Security Protocol Analysis and Issues in the Theory of Security },
        publisher = { Springer-Verlag },
        year = { 2010 },
        series = { Lecture Notes in Computer Science }
}

@inproceedings{ kikentai,
        author = { Luísa Lourenço and Luis Caires },
        title = { Inference of Conversation Types for Distributed Multiparty Systems },
        booktitle = { Proceedings of PLACES'10 - Programming Language Approaches to Concurrency and communication-cEntric Software },
        publisher = { Elsevier },
        year = { 2010 },
        note = { URL={http://places10.di.fc.ul.pt/} }
}

@inproceedings{ militaoCA2010,
        author = { Filipe Militão and J. Aldrich and Luis Caires },
        title = { Aliasing Control with View Based Typestate },
        booktitle = { FTJP 2010 - Formal Techniques for Java Programs },
        publisher = { Springer-Verlag },
        year = { 2010 }
}

@inproceedings{ brunosle2010,
        author = { Bruno Barroca and L. S. Lúcio and Vasco Amaral and Vasco Sousa },
        title = { DSLTrans: A Turing Incomplete Transformation Language },
        booktitle = { Proc. 3rd International Conference on Software Languages Engineering - SLE 2010 },
        publisher = { Springer-Verlag },
        year = { 2010 }
}

@inproceedings{ AntonioAraujoSilvaRIGIM2009,
        author = { S. A. Ant\'onio and João Araújo and C. Silva },
        title = { Adapting the Framework i* for Software Product Lines },
        booktitle = { Workshop on Requirements, Intentions and Goals in Conceptual Modeling (RIGIM 2009) },
        publisher = { Springer-Verlag },
        year = { 2009 },
        month = { 11 }
}

@inproceedings{ liveFeedsIF09,
        author = { S. Mata and José Legatheaux Martins and Sérgio Duarte and Margarida Mamede },
        title = { Análise do custo e da viabilidade de um sistema P2P com visibilidade completa },
        booktitle = { Actas do Simp\'osio de Informática 2009 — INFORUM 2009 },
        publisher = { Universidade de Lisboa - Faculdade de Ciências },
        year = { 2009 },
        month = { 11 },
        pages = { 333-343 }
}

@inproceedings{ VLDL09,
        author = { P. Chambel and Fernanda Barbosa },
        title = { Improving Similarity Search in Face-Images Data },
        booktitle = { Second Workshop on Very Large Digital Libraries (VLDL), 13th European Conference on Research and Advanced Technologies on Digital Libraries },
        publisher = { DELOS digital library },
        year = { 2009 },
        month = { 10 },
        series = { DELOS workshop proceedings series }
}

@inproceedings{ AlferezFOSD09,
        author = { Mauricio Alférez and Ana Moreira and Uirá Kulesza and João Araújo and R. Mateus and Vasco Amaral },
        title = { Detecting Feature Interactions in SPL Requirements Analysis Models },
        booktitle = { Proceedings of the 1st International Workshop on Feature-Oriented Software Development (FOSD) },
        publisher = { ACM Electronic Library },
        year = { 2009 },
        month = { 10 },
        pages = { 117-123 },
        note = { URL={http://portal.acm.org/ft_gateway.cfm?id=1629738&type=pdf} }
}

@inproceedings{ AlferezSLE09-InProceeding,
        author = { Mauricio Alférez and João Santos and Ana Moreira and A. Garcia and Uirá Kulesza and João Araújo and Vasco Amaral },
        title = { Multi-View Composition Language for Software Product Line Requirements },
        booktitle = { Proceedings of the 2nd International Conference on Software Language Engineering },
        publisher = { Springer-Verlag },
        editor = { Mark van den Brand, Dragan Gaševic and Jeff Gray },
        year = { 2009 },
        month = { 10 },
        pages = { 103-122 },
        note = { URL={http://www.springerlink.com/content/u2263qv535374572/fulltext.pdf} }
}

@inproceedings{ barroca_mpm2009,
        author = { Bruno Barroca and L. S. Lúcio and D. Buchs and Vasco Amaral and L. M. V. Pedro },
        title = { DSL Composition for model-based test generation },
        booktitle = { 3rd International Workshop on Multi-Paradigm Modeling: Concepts and Tools },
        publisher = { EASST },
        editor = { Tihamer Levendovszky, Lászl\'o Lengyel, Gabor Karsai, Cécile Hardebolle },
        year = { 2009 },
        month = { 10 },
        series = { Electronic Communications of the EASST },
        number = { 21 },
        note = { URL={http://www.informatik.uni-trier.de/~ley/db/journals/eceasst/eceasst21.html#BarrocaLBAP09} }
}

@inproceedings{ ConejeroJISBD2009,
        author = { J. Conejero and J. Hernandez and Ana Moreira and João Araújo },
        title = { Adapting Software by Identifying Volatile and Aspectual Requirements },
        booktitle = { JISBD 2009 },
        publisher = { JISBD },
        year = { 2009 },
        month = { 10 },
        pages = { 103-114 }
}

@inproceedings{ MarquesAraujoLencastreSBES09,
        author = { Gustavo Marquês and João Araújo and M. Lencastre },
        title = { Integrating Problem Frames with Aspects },
        booktitle = { XXIII Simp\'osio Brasileiro de Engenharia Software },
        publisher = { IEEE },
        year = { 2009 },
        month = { 10 }
}

@inproceedings{ Silva2009_ICSEA,
        author = { Luís Alexandre Ferreira da Silva and Fernando Brito e Abreu },
        title = { Exploring and Overcoming Major Challenges in IT Infrastructures Faced by IT Executives },
        booktitle = { Proceedings of the Fourth International Conference on Software Engineering Advances (ICSEA 2009) },
        publisher = { IEEE Computer Society },
        year = { 2009 },
        month = { 10 },
        pages = { 576-581 },
        note = { URL={http://dx.doi.org/10.1109/ICSEA.2009.91} }
}

@inproceedings{ Correia2009_ICSEA,
        author = { Anacleto Correia and Fernando Brito e Abreu },
        title = { Integrating IT Service Management within the Enterprise Architecture },
        booktitle = { Proceedings of the Fourth International Conference on Software Engineering Advances (ICSEA 2009) },
        publisher = { IEEE Computer Society },
        year = { 2009 },
        month = { 10 },
        pages = { 553-558 },
        note = { URL={http://dx.doi.org/10.1109/ICSEA.2009.87} }
}

@inproceedings{ Bryton2009_ICSEA,
        author = { Sérgio Bryton and Fernando Brito e Abreu },
        title = { Strengthening Refactoring: Towards Software Evolution with Quantitative and Experimental Grounds },
        booktitle = { Proceedings of the Fourth International Conference on Software Engineering Advances (ICSEA 2009) },
        publisher = { IEEE Computer Society },
        year = { 2009 },
        month = { 10 },
        pages = { 570-575 },
        note = { URL={http://dx.doi.org/10.1109/ICSEA.2009.90} }
}

@inproceedings{ rosa:Inforum2009,
        author = { A. Rosa and Vasco Amaral and Bruno Barroca },
        title = { Use of MS DSL Tools in the development process of a Domain-Specific Language },
        booktitle = { Actas do INForum - Simp\'osio de Informática 2009 },
        publisher = { Universidade de Lisboa - Faculdade de Ciências },
        editor = { L. Rodrigues, R. Lopes },
        year = { 2009 },
        month = { 09 },
        note = { URL={http://hdl.handle.net/10455/3168} }
}

@inproceedings{ rosa:2009:edutainment:dslydreams,
        author = { A. F. Rosa and Vasco Amaral and Bruno Barroca },
        title = { Designing a DSL solution for the domain of Augmented Reality Software applications Specification },
        booktitle = { 4th International Conference on E-Learning and Games },
        publisher = { Springer-Verlag },
        editor = { Springer },
        year = { 2009 },
        month = { 08 },
        series = { LNCS },
        number = { 5670 },
        note = { URL={http://www.ask4research.info/edutainment/2009/index.php} }
}

@inproceedings{ silvaLCAMA09,
        author = { C. Silva and J. F. B. Castro and João Araújo and Ana Moreira and F. Alencar },
        title = { Support for aspectual modeling to Multiagent system architecture },
        booktitle = { Aspect-Oriented Requirements Engineering and Architecture Design, ICSE workshop },
        publisher = { IEEE },
        year = { 2009 },
        month = { 05 },
        pages = { 38-43 }
}

@inproceedings{ RodriguesAraujoICEIS2009,
        author = { A. P. Rodrigues and João Araújo },
        title = { VAODA: A Viewpoint and Aspect-Oriented Domain Analysis Approach },
        booktitle = { 11th International Conference on Enterprise Information Systems (ICEIS 2009), },
        publisher = { ICEIS },
        year = { 2009 },
        month = { 05 }
}

@inproceedings{ DiasAA09,
        author = { A. Dias and Vasco Amaral and João Araújo },
        title = { Towards a Domain Specific Language for a Goal-Oriented approach based on KAOS. },
        booktitle = { 3rd International Conference on Research Challenges in Information Science (RCIS 2009), Fez, MOROCCO },
        publisher = { IEEE },
        year = { 2009 },
        month = { 04 },
        pages = { 409-420 }
}

@inproceedings{ Dias:2009:RCIS:kaos,
        author = { A. Dias and Vasco Amaral and João Araújo },
        title = { Tackling Visual Complexity of Goal-Oriented Models },
        booktitle = { Proceedings of the IEEE International Conference on Research Challenges in Information Science, RCIS 2009, ISBN #978-1-4244-2864-9 },
        publisher = { IEEE Computer Society },
        year = { 2009 },
        month = { 04 },
        note = { URL={http://www.farcampus.com/rcis/index.php} }
}

@inproceedings{ Nunes:2009:ICEIS:istar,
        author = { C. Nunes and João Araújo and Vasco Amaral and C. Silva },
        title = { A DOMAIN SPECIFIC LANGUAGE FOR THE I* FRAMEWORK },
        booktitle = { 11th International Conference on Enterprise Information Systems },
        publisher = { Springer-Verlag },
        year = { 2009 },
        month = { 04 },
        note = { URL={http://http://www.iceis.org/} }
}

@inproceedings{ BARBOSA_ICIME2009,
        author = { Fernanda Barbosa },
        title = { Similarity-based retrieval in high dimensional data with Recursive Lists of Clusters: a study case with Natural Language Dictionaries },
        booktitle = { International Conference on Information Management and Engineering },
        publisher = { IEEE Computer Society },
        year = { 2009 },
        month = { 04 },
        pages = { 432-436 }
}

@inproceedings{ BARBOSA_RODRIGUES_2009,
        author = { Fernanda Barbosa and Armanda Rodrigues },
        title = { Range Queries over Trajectory Data with Recursive Lists of Clusters: a case study with Hurricanes data },
        booktitle = { Geographical Information Systems Research GISRUK },
        publisher = { GISRUK conference series },
        year = { 2009 },
        month = { 04 }
}

@inproceedings{ ESOP2009,
        author = { Luis Caires and Hugo Torres Vieira },
        title = { Conversation Types },
        booktitle = { Programming Languages and Systems, 18th European Symposium on Programming, ESOP 2009 },
        publisher = { Springer-Verlag },
        editor = { Giuseppe Castagna },
        year = { 2009 },
        month = { 03 },
        series = { Lecture Notes in Computer Science }
}

@inproceedings{ PivetaACMSAC09,
        author = { E. Piveta and João Araújo and M. Pimenta and Ana Moreira and Pedro Guerreiro and T. Price },
        title = { Representing Refactoring Opportunities },
        booktitle = { 24th Annual ACM Symposium on Applied Computing (ACM SAC'09) },
        publisher = { ACM Press },
        year = { 2009 },
        month = { 03 }
}

@inproceedings{ ICSE09,
        author = { Jorge Barreiros and Ana Moreira },
        title = { Managing Features and Aspect Interactions in Software Product Lines },
        booktitle = { ICSEA 2009 },
        publisher = { IEEE Computer Society },
        year = { 2009 }
}

@inproceedings{ jb-fosd09,
        author = { Jorge Barreiros and Ana Moreira },
        title = { A Model-based Representation of Configuration Knowledge },
        booktitle = { FOSD 2009 },
        publisher = { ACM Press },
        editor = { Sven Apel and William R. Cook and Krzysztof Czarnecki and Christian Kastner and Neil Loughran and Os },
        year = { 2009 }
}

@inproceedings{ wicsa09,
        author = { I. Galvão and A. Garcia and S. S. Khan and Ana Isabel Durão Mata de Oliveira and A. Pimentel and Ana Moreira and R. Ribeiro and S. Zschaler and P. Broek },
        title = { Detecting architecture instabilities with concern traces: An exploratory study },
        booktitle = { Joint Working IEEE/IFIP Conference on Software Architecture 2009 and European Conference on Software Architecture 2009 },
        publisher = { IEEE },
        year = { 2009 }
}

@inproceedings{ FOSD09JB,
        author = { Jorge Barreiros and Ana Moreira },
        title = { A model-based representation of configuration knowledge. },
        booktitle = { International Workshop on Feature-Oriented Software Development },
        publisher = { ACM Press },
        year = { 2009 }
}

@inproceedings{ fie09_pg,
        author = { R. Machado and Pedro Guerreiro and E. Johnston and M. Delimar and M. A. Brito },
        title = { Work in progress - IEEEXTREME: from a student competition to the promotion of real-world programming education },
        booktitle = { Proceeding FIE'09 Proceedings of the 39th IEEE international conference on Frontiers in education conference },
        publisher = { IEEE },
        year = { 2009 },
        note = { URL={http://fie-conference.org/fie2009/papers/1414.pdf} }
}

@inproceedings{ PedroHCII2009,
        author = { L. M. V. Pedro and M. Risoldi and D. Buchs and Bruno Barroca and Vasco Amaral },
        title = { Composing Visual Syntax for Domain Specific Languages },
        booktitle = { Human-Computer Interaction. Novel Interaction Methods and Techniques, 13th International Conference, HCI International 2009 },
        publisher = { Springer-Verlag },
        editor = { Julie A. Jacko },
        year = { 2009 },
        series = { Lecture Notes in Computer Science },
        number = { 5611 },
        pages = { 889-898 },
        note = { URL={http://http://www.informatik.uni-trier.de/~ley/db/conf/hci/hci2009-2.html#PedroRBBA09} }
}

@inproceedings{ TGC08,
        author = { Luis Caires and Carla Ferreira and Hugo Torres Vieira },
        title = { A Process Calculus Analysis of Compensations },
        booktitle = { Proceedings of the Fourth Symposium on Trustworthy Global Computing, TGC'08 },
        publisher = { Springer-Verlag },
        editor = { Christos Kaklamanis and Flemming Nielson },
        year = { 2009 },
        series = { Lecture Notes in Computer Science },
        number = { 5474 },
        pages = { 87-103 }
}

@inproceedings{ GilAraujoEA09,
        author = { A. V. Gil and João Araújo },
        title = { AspectKAOS: Integrating Early-Aspects into KAOS },
        booktitle = { Early Aspects },
        publisher = { ACM Electronic Library },
        year = { 2009 }
}

@inproceedings{ lm-wadt08,
        author = { Luis Monteiro },
        title = { A coalgebraic characterization of behaviours in the linear time - branching time spectrum },
        booktitle = { Recent Trends in Algebraic Development Techniques (WADT 2008) },
        publisher = { Springer-Verlag },
        editor = { Andrea Corradini and Ugo Montanari },
        year = { 2009 },
        series = { Lecture Notes in Computer Science },
        pages = { 251-265 }
}

@inproceedings{ TGC_VFR_08,
        author = "C. Vaz and Carla Ferreira and A. Ravara",
        title = { Dynamic Recovery of Long Running Transactions },
        booktitle = { 4th International Symposium on Trustworthy Global Computing (TGC 2008) },
        publisher = { Springer-Verlag },
        editor = { Christos Kaklamanis and Flemming Nielson },
        year = { 2009 },
        series = { Lecture Notes in Computer Science },
        number = { 5474 },
        pages = { 201-215 }
}

@inproceedings{ AOliveira2009,
        author = { A. Oliveira and M. Urbieta and João Araújo and Armanda Rodrigues and Ana Moreira and S. Gordillo and G. Rossi },
        title = { MODELLING LOCATION-AWARE BEHAVIOUR IN WEB-GIS USING ASPECTS },
        booktitle = { ICEIS 2009 },
        publisher = { ICEIS },
        year = { 2009 }
}

@inproceedings{ EF-LM-SBMF09,
        author = { Elisabete Freire and Luis Monteiro },
        title = { Defining Behaviours by Quasi-finality },
        booktitle = { Brazilian Symposium on Formal Mewthods (SBMF 2009) },
        publisher = { Springer-Verlag },
        editor = { M.V.M. Oliveira and J. Woodcock },
        year = { 2009 },
        series = { Lecture Notes in Computer Science },
        number = { 5902 },
        pages = { 290-305 }
}

@inproceedings{ AFamilyofLanguagesforVariabilityManagementinSPL,
        author = { P. Sanchez and João Santos and Mauricio Alférez and A. Rashid and L. Fuentes and Ana Moreira and João Araújo and Uirá Kulesza },
        title = { VML* – A Family of Languages for Variability Management in Software Product Lines },
        booktitle = { Proceedings of the International Conference on Software Language Engineering (SLE) },
        publisher = { ACM Press },
        year = { 2009 },
        note = { URL={http://link.springer.com/chapter/10.1007%2F978-3-642-12107-4_7} }
}

@inproceedings{ ramosSBES09,
        author = { R. Ramos and J. F. B. Castro and João Araújo and Ana Moreira and F. Alencar },
        title = { Quality Improvement for Use Case Models },
        booktitle = { XXIII Simp\'osio Brasileiro de Engenharia Software },
        publisher = { IEEE },
        year = { 2009 }
}

@inproceedings{ kg_pg_elearn_2009,
        author = { K. Georgouli and Pedro Guerreiro and S. Kapetanakou },
        title = { Integrating an Automatic Judge into an Open Source LMS },
        booktitle = { World Conference on E-Learning in Corporate, Government, Healthcare, and Higher Education (ELEARN) 2009 },
        publisher = { AACE -- Association for the Advancement of Computing in Education },
        year = { 2009 },
        pages = { 3492-3499 }
}

@inproceedings{ fs+pg_09,
        author = { F. Sustelo and Pedro Guerreiro },
        title = { Estratégias de Combate das Fragilidades e Contrariedades Comuns nos Estudantes que Ingressam num Curso de Informática no Ensino Superior },
        booktitle = { Actas de 4ª Conferência Ibérica de Sistemas e Tecnologias de Informação, 17 a 20 de Junho de 2009, P\'ovoa de Varzim. },
        publisher = { Associação Ibérica de Sistemas e Tecnologias de Informação },
        year = { 2009 }
}

@inproceedings{ inforum09,
        author = { Filipe Militão and Luis Caires },
        title = { An Exception Aware Behavioral Type System for Object-Oriented Programs },
        booktitle = { Proceedings of INFORUM 2009 - Simp\'osio de Informática },
        publisher = { Faculdade de Ciências - Universidade de Lisboa },
        year = { 2009 }
}

@inproceedings{ BARBOSA_CHAMBEL_COSTA_2008,
        author = { Fernanda Barbosa and F. Costa and P. Chambel },
        title = { Pesquisa aproximada em diferentes domínios de aplicação },
        booktitle = { Conferência IADIS Ibero-Americana WWW/Internet },
        publisher = { IADIS Press },
        year = { 2008 },
        month = { 12 }
}

@inproceedings{ dsm08:lpva,
        author = { L. V. Pedro and Vasco Amaral and D. Buchs },
        title = { Foundations for a Domain Specific Modeling Language Prototyping Environment: A compositional approach },
        booktitle = { Proc. 8th OOPSLA ACM-SIGPLAN Workshop on Domain-Specific Modeling (DSM) },
        publisher = { University of Jyväskylän },
        year = { 2008 },
        month = { 10 },
        note = { URL={http://www.dsmforum.org/events/DSM08/} }
}

@inproceedings{ nss2008,
        author = { Bruno Barroca and Vasco Amaral and M. Risoldi and D. Buchs and Ana Moreira and João Araújo and Vasco Sousa },
        title = { Towards the Application of Model Based Design Methodology for Reliable Control Systems on HEP Experiments },
        booktitle = { 11th IEEE Nuclear Science Symposium, Proceedings },
        publisher = { IEEE },
        year = { 2008 },
        month = { 10 },
        note = { URL={http://www.nss-mic.org/2008/NSSMain.asp} }
}

@inproceedings{ pcapac2008,
        author = { M. Risoldi and Bruno Barroca and Vasco Amaral and D. Buchs },
        title = { A model-based methodology for control systems GUI design prototyping },
        booktitle = { Proceedings on 7th International Workshop on Personal Computers and Particle Accelerator Controls },
        publisher = { J.Stefan Institute },
        year = { 2008 },
        month = { 10 },
        note = { URL={http://pcapac-workshop.org} }
}

@inproceedings{ RamosSBES08,
        author = { R. Ramos and J. F. B. Castro and João Araújo and Ana Moreira and F. Alencar },
        title = { AIRDoc An Approach to Improve Requirements Documents },
        booktitle = { 22th Brazilian Symposium on Software Engineering (SBES) },
        publisher = { SBES },
        year = { 2008 },
        month = { 10 }
}

@inproceedings{ LencastreRE08,
        author = { M. Lencastre and Ana Moreira and João Araújo and J. F. B. Castro },
        title = { Aspects Composition in Problem Frames },
        booktitle = { 16th IEEE International Requirements Engineering Conference (RE 2008) },
        publisher = { IEEE Computer Society },
        year = { 2008 },
        month = { 09 }
}

@inproceedings{ PivetaCOMPSAC08,
        author = { E. Piveta and João Araújo and M. Pimenta and Ana Moreira and Pedro Guerreiro and T. Price },
        title = { Searching for Opportunities of Refactoring Sequences: Reducing the Search Space },
        booktitle = { 32nd Annual IEEE International Computer Software and Applications Conference (COMPSAC 2008) },
        publisher = { IEEE Computer Society },
        year = { 2008 },
        month = { 08 }
}

@inproceedings{ MauricioAlferezSEKE'08,
        author = { Mauricio Alférez and Uirá Kulesza and André Sousa and João Santos and Ana Moreira and João Araújo and Vasco Amaral },
        title = { A Model-Driven Approach for Software Product Lines Requirements Engineering },
        booktitle = { Proceedings of the 20th International Conference on Software Engineering and Knowledge Engineering },
        publisher = { Knowledge Systems Institute Graduate School },
        year = { 2008 },
        month = { 07 }
}

@inproceedings{ SilvaSEKE08,
        author = { C. Silva and F. Alencar and João Araújo and Ana Moreira and J. F. B. Castro },
        title = { Tailoring an Aspectual Goal-oriented Approach to Model Features },
        booktitle = { 20th International Conference on Software Engineering and Knowledge Engineering (SEKE 2008) },
        publisher = { SEKE },
        year = { 2008 },
        month = { 07 }
}

@inproceedings{ TabaresSEKE08,
        author = { M. S. Tabares and Ana Moreira and João Araújo },
        title = { Traceability Models to Control an Aspectual Model-driven Development },
        booktitle = { 20th International Conference on Software Engineering and Knowledge Engineering (SEKE 2008) },
        publisher = { SEKE },
        year = { 2008 },
        month = { 07 }
}

@inproceedings{ cortajcs,
        author = { João Costa Seco and R. Silva and M. Piriquito },
        title = { ComponentJ: component programming and reconfiguration },
        booktitle = { Proceedings of CoRTA (Compilers, Related Technologies and Applications) },
        publisher = { Instituto Politécnico de Bragança - ESTG },
        year = { 2008 },
        month = { 07 }
}

@inproceedings{ ASousa2008,
        author = { André Sousa and Uirá Kulesza and A. Rummler and N. A. and R. Mitschke and Ana Moreira and Vasco Amaral and João Araújo },
        title = { A Model-Driven Traceability Framework to Software Product Line Development },
        booktitle = { ECMDA Traceability Workshop ECMDA-TW ( 2008 Proceedings) },
        publisher = { SINTEF ICT },
        editor = { Jon Oldvic, Goran olsen, Tor Neple, Richard Paige },
        year = { 2008 },
        month = { 06 },
        note = { URL={http://modelbased.net/ecmda-traceability/images/papers/2008/ecmda-tw-proceedings08.pdf} }
}

@inproceedings{ RibAra08,
        author = { J. Ribeiro and João Araújo },
        title = { “AspOrAS: A requirements agile approach based on scenarios and aspects”, },
        booktitle = { IEEE Research Chalenges on Information Systems, RCIS },
        publisher = { IEEE Computer Society },
        year = { 2008 },
        month = { 06 }
}

@inproceedings{ PivetaICEIS08,
        author = { E. Piveta and T. Price and Ana Moreira and João Araújo and Pedro Guerreiro and M. Pimenta },
        title = { Ranking Refactoring Patterns using the Analytical Hierarchy Process },
        booktitle = { 10th International Conference on Enterprise Information Systems (ICEIS 2008) },
        publisher = { ICEIS },
        year = { 2008 },
        month = { 06 }
}

@inproceedings{ AgostinhoICEIS08,
        author = { S. Agostinho and Ana Moreira and A. Marques and João Araújo and Isabel Sofia Brito and R. ferreira and R. Raminhos },
        title = { A Metadata Driven Approach for Aspect-Oriented Requirements Analysis },
        booktitle = { 10th International Conference on Enterprise Information Systems (ICEIS 2008) },
        publisher = { ICEIS },
        year = { 2008 },
        month = { 06 }
}

@inproceedings{ MarquesICSE08,
        author = { A. Marques and Ana Moreira and João Araújo },
        title = { Multi-Dimensional Composition by Objective in Aspect-Oriented Requirements Analysis },
        booktitle = { Workshop on Early Aspects at the 30th International Conference on Software Engineering (ICSE'08) },
        publisher = { IEEE Computer Society },
        year = { 2008 },
        month = { 05 }
}

@inproceedings{ bryton2008a_CSMR2008,
        author = { Sérgio Bryton and Fernando Brito e Abreu },
        title = { Modularity-Oriented Refactoring },
        booktitle = { Proceedings of the 12th European Conference on Software Maintenance and Reengineering (CSMR'2008) },
        publisher = { IEEE Computer Society },
        year = { 2008 },
        month = { 04 },
        pages = { 294-297 },
        note = { URL={http://dx.doi.org/10.1109/CSMR.2008.4493330} }
}

@inproceedings{ SobMon08,
        author = { J. L. F. Sobral and Miguel Pessoa Monteiro },
        title = { A Domain-Specific Language for Parallel and Grid Computing },
        booktitle = { 3rd Domain-Specific Aspect Languages workshop (DSAL 2008) },
        publisher = { ACM Press },
        editor = { Thomas Cleenewerck, Johan Fabry, Anne-Françoise Le Meur, Jacques Noyé, Éric Tanter },
        year = { 2008 },
        month = { 03 },
        series = { Domain-Specific Aspect Languages workshop },
        number = { 3 },
        pages = { 2-2 },
        note = { URL={http://http://dl.acm.org/citation.cfm?id=1404927.1404929} }
}

@inproceedings{ SouMon08,
        author = { E. M. F. M. Sousa and Miguel Pessoa Monteiro },
        title = { Implementing Design Patterns in CaesarJ: an Exploratory Study },
        booktitle = { Workshop on Software Engineering Properties of Languages and Aspect Technologies (SPLAT 2008) },
        publisher = { ACM Press },
        year = { 2008 },
        month = { 03 },
        series = { Workshop on Software Engineering Properties of Languages and Aspect Technologies (SPLAT) },
        number = { 6 },
        pages = { 6-6 },
        note = { URL={http://http://dl.acm.org/citation.cfm?id=1408647.1408653} }
}

@inproceedings{ VCS:ESOP:2007,
        author = { Hugo Torres Vieira and Luis Caires and João Costa Seco },
        title = { The Conversation Calculus: A Model of Service Oriented Computation },
        booktitle = { Programming Languages and Systems, 17th European Symposium on Programming, ESOP 2008 },
        publisher = { Springer-Verlag },
        editor = { Sophia Drossopoulou },
        year = { 2008 },
        month = { 03 },
        series = { Lecture Notes in Computer Science }
}

@inproceedings{ Alferez2008a,
        author = { Mauricio Alférez and Uirá Kulesza and Ana Moreira and João Araújo and Vasco Amaral },
        title = { Tracing between Features and Use Cases: A Model-Driven Approach },
        booktitle = { Proceedings of the Second International Workshop on Variability Modelling of Software Intensive Systems },
        publisher = { Institute für Informatik und Wirtschaftsinformatik (ICB) },
        editor = { Patrick Heymans, Kyo-Chul Kang, Andreas Metzger, Klauss Pohl },
        year = { 2008 },
        month = { 01 },
        series = { ISBN 1860-2770 },
        number = { 22 },
        pages = { 81-88 }
}

@inproceedings{ caiseF08,
        author = { V. Rodrigues and J. C. Lopes and Ana Moreira },
        title = { An Hybrid Design Solution For Spacecraft Simulators },
        booktitle = { CAiSE Forum 2008 },
        publisher = { Springer-Verlag },
        year = { 2008 }
}

@inproceedings{ Freitas2008_JISBD,
        author = { Jorge Manuel da Silva C. P. Freitas and Anacleto Correia and Fernando Brito e Abreu },
        title = { An Ontology for IT Services },
        booktitle = { Proceedings of the 13th Conference on Software Engineering and Databases (JISBD'2008) },
        publisher = { SISTEDES - Sociedad de Ingeniería del Software y Tecnologías de Desarrollo de Software },
        year = { 2008 },
        note = { URL={http://ctp.di.fct.unl.pt/QUASAR/Resources/Papers/2008/freitas2008JISBD.pdf} }
}

@inproceedings{ Caldeira2008_PROFES,
        author = { João Carlos Palmela Pinheiro Caldeira and Fernando Brito e Abreu },
        title = { Influential Factors on Incident Management: Lessons Learned from a Large Sample of Products in Operation },
        booktitle = { Proceedings of the 9th International Conference on Product Focused Software Development and Process Improvement (PROFES’2008) },
        publisher = { Springer-Verlag },
        year = { 2008 },
        series = { Lecture Notes in Computer Science },
        number = { 5089 },
        pages = { 330-344 },
        note = { URL={http://dx.doi.org/10.1007/978-3-540-69566-0_27} }
}

@inproceedings{ MussbacherAAM08,
        author = { G. Mussbacher and D. Amyot and João Araújo and Ana Moreira },
        title = { Modeling software product lines with AoURN },
        booktitle = { Proceedings of the 2008 AOSD workshop on Early aspects },
        publisher = { ACM Electronic Library },
        year = { 2008 },
        note = { URL={http://portal.acm.org/citation.cfm?id=1404948} }
}

@inproceedings{ CIBSE'08,
        author = { C. Silva and João Araújo and J. F. B. Castro and Ana Moreira },
        title = { : A Modeling Language for Advanced Separation of Concerns in Multi-Agent Systems },
        booktitle = { Memorias de la XI Conferencia Iberoamericana de Software Engineering },
        publisher = { Cibse 2008 },
        year = { 2008 }
}

@inproceedings{ RNOspire08.5,
        author = { Luís Russo and G. Navarro and A. Oliveira },
        title = { Indexed hierarchical approximate string matching. },
        booktitle = { 15th International Symposium on String Processing and Information Retrieval (SPIRE) },
        publisher = { Springer-Verlag },
        year = { 2008 },
        series = { LNCS },
        note = { URL={http://spire2008.csse.unimelb.edu.au/} }
}

@inproceedings{ jsantosGeneratingAnalysisModels,
        author = { João Santos and Ana Moreira and João Araújo and Vasco Amaral and Mauricio Alférez and Uirá Kulesza },
        title = { Generating Requirements Analysis Models from Textual Requirements },
        booktitle = { Proceedings of the First International Workshop on Managing Requirements Knowledge held in conjunction with RE },
        publisher = { IEEE Computer Society },
        year = { 2008 }
}

@inproceedings{ Mamede-Barbosa-ISCIS-07,
        author = { Margarida Mamede and Fernanda Barbosa },
        title = { Range Queries in Natural Language Dictionaries with Recursive Lists of Clusters },
        booktitle = { Proceedings of the 22nd International Symposium on Computer and Information Sciences },
        publisher = { IEEE Computer Society },
        year = { 2007 },
        month = { 11 }
}

@inproceedings{ Caires-11ip-07,
        author = { Luis Caires },
        title = { Spatial-Behavioral Types for Distributed Services and Resources },
        booktitle = { Proceedings of the Second Symposium on Trustworthy Global Computing },
        publisher = { Springer-Verlag },
        editor = { Ugo Montanari, Donald Sannella, Roberto Bruni },
        year = { 2007 },
        month = { 11 },
        series = { Lecture Notes in Computer Science },
        number = { 4661 },
        pages = { 98-115 },
        note = { URL={http://www.springerlink.com/content/q13x2171467q1554/} }
}

@inproceedings{ pheasant:nss2007,
        author = { Vasco Sousa and Vasco Amaral and Bruno Barroca },
        title = { Automatically Generating Domain Specific Visual Language Editors for the Purpose of Deriving a Robust HEP Data Analysis Tool },
        booktitle = { IEEE 2007 Nuclear Science Symposium and Medical Imaging Conference Conference Record },
        publisher = { IEEE Computer Society },
        editor = { Bo Yu },
        year = { 2007 },
        month = { 11 },
        note = { URL={http://www.nss-mic.org/2007/} }
}

@inproceedings{ Con.Her.Mor.Ara.RE07,
        author = { J. Conejero and J. Hernandez and Ana Moreira and João Araújo },
        title = { Discovering Volatile and Aspectual Requirements using a Crosscutting Pattern },
        booktitle = { 15th IEEE International Requirements Engineering Conference },
        publisher = { IEEE Computer Society },
        year = { 2007 },
        month = { 10 },
        pages = { 15-19 }
}

@inproceedings{ Whi.Mor.Ara.models07,
        author = { J. whittle and Ana Moreira and João Araújo },
        title = { An Expressive Aspect Composition Language for UML State Diagrams },
        booktitle = { ACM/IEEE MoDELS 2007 },
        publisher = { Springer-Verlag },
        year = { 2007 },
        month = { 10 },
        series = { Lecture Notes in Computer Science },
        pages = { 514-528 }
}

@inproceedings{ MonAgui07,
        author = { Miguel Pessoa Monteiro and A. Aguiar },
        title = { Patterns for Refactoring to Aspects: An Incipient Pattern Language },
        booktitle = { 14th Conference on Pattern Languages of Programs (PLoP 2007) },
        publisher = { ACM Press },
        editor = { Peter Sommerlad },
        year = { 2007 },
        month = { 10 },
        series = { Conference on Pattern Languages of Programs (PLoP) },
        number = { 14 },
        pages = { 7-7 },
        note = { URL={http://http://dl.acm.org/citation.cfm?id=1772079} }
}

@inproceedings{ mussbacherAAM07,
        author = { G. Mussbacher and D. Amyot and João Araújo and Ana Moreira },
        title = { Visualizing Aspect-Oriented Goal Models with AoGRL },
        booktitle = { Second International Workshop on Requirements Engineering Visualization (REV’07), },
        publisher = { IEEE },
        year = { 2007 },
        month = { 10 }
}

@inproceedings{ MauricioAlferezW01_07,
        author = { Mauricio Alférez and Uirá Kulesza and Antonielly Garcia Rodrigues and Ana Moreira and João Araújo and Vasco Amaral },
        title = { Towards Volatility Analysis in Software Product Line Engineering },
        booktitle = { Second International Workshop on Aspect-Oriented Product Line Engineering held in conjunction with GPCE'07 (Generative Programming and Component Engineering) },
        publisher = { Lancaster University },
        year = { 2007 },
        month = { 10 }
}

@inproceedings{ Ara.Zow.Mor.IWPSE2007,
        author = { João Araújo and D. Zowghi and Ana Moreira },
        title = { An evolutionary Model of Requirements Correctness with early Aspects },
        booktitle = { Workshop on Principles of Software Evolution },
        publisher = { ACM Electronic Library },
        year = { 2007 },
        month = { 09 },
        series = { IWPSE }
}

@inproceedings{ bryton2007a_QUATIC,
        author = { Sérgio Bryton and Fernando Brito e Abreu },
        title = { Towards Paradigm-Independent Software Assessment },
        booktitle = { Proceedings of the 6th International Conference on the Quality of Information and Communications Technology (QUATIC'2007) },
        publisher = "IEEE Computer Society",
        year = { 2007 },
        month = { 09 },
        pages = { 40-54 },
        note = { URL={http://dx.doi.org/10.1109/QUATIC.2007.24} }
}

@inproceedings{ GoulaoQUATIC2007,
        author = { Miguel Goulão and Fernando Brito e Abreu },
        title = { Modeling the Experimental Software Engineering Process },
        booktitle = { 6th International Conference on the Quality of Information and Communications Technology (QUATIC'2007) },
        publisher = { IEEE Computer Society },
        year = { 2007 },
        month = { 09 },
        pages = { 77-90 },
        note = { URL={http://dx.doi.org/10.1109/QUATIC.2007.18} }
}

@inproceedings{ chep07:vsousa:vamaral:pconde,
        author = { Vasco Sousa and Vasco Amaral and P. C. Muino },
        title = { Towards a full implementation of a robust solution of a Domain Specific Visual Query Language DSVQL for HEP analysis },
        booktitle = { CHEP2007 12th International Conference on Computing in High Energy and Nuclear Physics },
        publisher = { arXiv },
        year = { 2007 },
        month = { 09 },
        note = { URL={http://www.chep2007.com/} }
}

@inproceedings{ Caires:Calco:07,
        author = { Luis Caires },
        title = { Logical Semantics of Types for Concurrency },
        booktitle = { Proceedings of the 2nd Conference on Algebra and Coalgebra in Computer Science (CALCO 07) },
        publisher = { Springer-Verlag },
        editor = { Till Mossakowski and Ugo Montanari },
        year = { 2007 },
        month = { 09 },
        series = { Lecture Notes in Computer Science }
}

@inproceedings{ barreirosECOOP07,
        author = { Jorge Barreiros and Ana Moreira },
        title = { Aspect Interaction Management with Meta-Aspects and Advice Cardinality },
        booktitle = { Proc. of the European Conference on Object Oriented Programming, 2007 - Aspects, Dependencies, and Interactions Workshop },
        publisher = { Springer-Verlag },
        year = { 2007 },
        month = { 08 }
}

@inproceedings{ immune:07,
        author = { José Pacheco and J. F. Costa },
        title = { The Abstract Immune System Algorithm },
        booktitle = { Proceedings of UC'07, 6th International Conference on Unconventional Computation },
        publisher = { Springer-Verlag },
        editor = { S.G. Akl and C.S. Calude and M.J. Dinneen and G. Rozenberg and H.T. Wareham },
        year = { 2007 },
        month = { 08 },
        series = { Lecture Notes in Computer Science },
        number = { 4618 },
        pages = { 137-149 },
        note = { URL={http://ctp.di.fct.unl.pt/~jddp/files/immune07.pdf} }
}

@inproceedings{ Piv.Hec.Mor.Pim.Ara.Gue.Pri.seke07,
        author = { E. Piveta and Ana Moreira and M. Pimenta and João Araújo and Pedro Guerreiro and T. Price },
        title = { Avoiding Bad Smells in Aspect-Oriented Software },
        booktitle = { 19th International Conference on Software Engineering and Knowledge Engineering (SEKE 2007) },
        publisher = { SEKE },
        year = { 2007 },
        month = { 07 },
        pages = { 81-84 }
}

@inproceedings{ pg2007_1,
        author = { Pedro Guerreiro and K. Georgouli },
        title = { Early Software Engineering for Introductory Programming via Computer Graphics },
        booktitle = { Proceedings of the 18th EAEEIE Annual Conference, Innovation in Education for Electrical and Information Engineering },
        publisher = { EAEEIE },
        year = { 2007 },
        month = { 07 }
}

@inproceedings{ SIl.Ara.Mor.Cas.CAISE07,
        author = { C. Silva and João Araújo and Ana Moreira and J. F. B. Castro },
        title = { Designing Social Patterns using Advanced Separation of Concerns },
        booktitle = { CAiSE 2007 },
        publisher = { Springer-Verlag },
        year = { 2007 },
        month = { 06 }
}

@inproceedings{ Mar.Ram.Fer.Rib.Ago.Ara.Mor.iceis07,
        author = { A. Marques and R. Raminhos and R. ferreira and R. Ribeiro and S. Agostinho and João Araújo and Ana Moreira },
        title = { Aspect-Oriented Analysis Applied to the Space Domain },
        booktitle = { ICEIS 2007 },
        publisher = { ICEIS },
        year = { 2007 },
        month = { 06 }
}

@inproceedings{ TabaresICSE07,
        author = { M. S. Tabares and Ana Moreira and João Araújo },
        title = { A Traceability Method for Crosscutting Concerns with transformation rules },
        booktitle = { Workshop on Early Aspects at ICSE: Aspect-oriented requirements engineering and architectural design, 28th International Conference on Software Engineering (ICSE 2007) },
        publisher = { ACM Press },
        year = { 2007 },
        month = { 05 }
}

@inproceedings{ Chitchyan07,
        author = { R. Chitchyan and A. Rashid and Ana Moreira and João Araújo and P. Clements and E. Baniassad and B. Tekinerdogan },
        title = { Early Aspects at ICSE 2007: Workshop on Aspect-Oriented Requirements Engineering and Architecture Design },
        booktitle = { ICSE Companion 2007 },
        publisher = { IEEE Computer Society },
        year = { 2007 },
        month = { 05 }
}

@inproceedings{ Ale.Mor.Ara.Cas.Ram.Sil.RCIS07,
        author = { F. Alencar and Ana Moreira and João Araújo and J. F. B. Castro and R. Ramos and C. Silva },
        title = { Dealing with the i*Models with Aspects },
        booktitle = { RCIS 2007 },
        publisher = { IEEE Computer Society },
        year = { 2007 },
        month = { 04 },
        pages = { 362-372 }
}

@inproceedings{ oliveira07wicsa,
        author = { Crist\'ovão Oliveira and M. Wermelinger },
        title = { A Model-Driven Approach to Extract Views from an Architecture Description Language },
        booktitle = { Software Architecture, 2007. WICSA '07. The Working IEEE/IFIP Conference on },
        publisher = { IEEE Computer Society },
        year = { 2007 },
        month = { 01 }
}

@inproceedings{ lanese.vasconcelos.etal:SSCC,
        author = { I. Lanese and Vasco T. Vasconcelos and Francisco Martins and A. Ravara },
        title = { Disciplining Orchestration and Conversation in Service-Oriented Computing },
        booktitle = { 5th IEEE International Conference on Software Engineering and Formal Methods },
        publisher = { IEEE Computer Society },
        year = { 2007 },
        pages = { 305-314 },
        note = { URL={http://www.di.fc.ul.pt/~vv/papers/lanese.vasconcelos.etal:SSCC.pdf} }
}

@inproceedings{ lopes.martins.etal:calculus-programming-sensors,
        author = { Francisco Martins and L. Lopes and J. Barros and M. S. Silva },
        title = { A Calculus for Programming Wireless Sensor Networks },
        booktitle = { Proceedings of SENSORCOMM'07, International Conference on Sensor Technologies and Applications },
        publisher = { IEEE Computer Society },
        year = { 2007 },
        series = { IEEE }
}

@inproceedings{ lopes.martins.etal:formal-modal-programming,
        author = { Francisco Martins and J. Barros and L. Lopes and M. S. Silva },
        title = { A Formal Model for Programming Wireless Sensor Networks },
        booktitle = { proceedings of DCOSS'07 },
        publisher = { Springer-Verlag },
        year = { 2007 }
}

@inproceedings{ Fia.Lop.Bo.-07,
        author = { J. L. Fiadeiro and Ant\'onia Lopes and L. Bocchi },
        title = { Algebraic Semantics of Service Component Modules },
        booktitle = { Recent Trends in Algebraic Development Techniques – 18th International Workshop – Selected Papers },
        publisher = { Springer-Verlag },
        year = { 2007 },
        series = { Lecture Notes in Computer Science },
        number = { 4409 },
        pages = { 37-55 }
}

@inproceedings{ Ab.Bo.Fi.Lo-2007,
        author = { J. Abreu and L. Bocchi and J. L. Fiadeiro and Ant\'onia Lopes },
        title = { Specifying and Composing Interaction Protocols for Service-Oriented System Modelling },
        booktitle = { FORTE 2007: IFIP International Conference on Formal Methods for Networked and Distributed Systems },
        publisher = { Springer-Verlag },
        year = { 2007 },
        series = { Lecture Notes in Computer Science },
        number = { 4574 },
        pages = { 358-373 }
}

@inproceedings{ @inproceedings{DBLP:conf/ecoop/GreenwoodBFDGCSSBKR07, author = {Phil Greenwood and Thiago T. Bart,
        author = { P. Greenwood and T. Bartolomei and E. Figueiredo and A. Garcia and N. Cacho and C. Sant´Anna and P. Borba and Uirá Kulesza and A. Rashid },
        title = { {On the Impact of Aspectual Decompositions on Design Stability: An Empirical Study },
        booktitle = { Proceedings of ECOOP´2007 },
        publisher = { Springer-Verlag },
        year = { 2007 },
        series = { LNCS },
        pages = { 176-200 }
}